2896 4830
629 230 827 289 „3-

87 411 220 482 έπειδάν
243 417 284 498 δέ,
308 417 423 499 inquit,
446 416 726 507 νομοθετήσωμεν,
755 428 820 492 τοῖς
847 415 954 500 νόμους
981 428 1046 491 τοῖς
1073 422 1226 499 κειμένοις
1253 420 1365 482 πείθε-

86 528 166 589 σθαι
199 519 387 611 (προσήκει),
419 520 493 599 τούς
525 527 560 591 δέ
591 521 636 614 μὴ
668 531 883 608 πειθομένους
914 521 1055 600 κολάζειν
1086 525 1150 588 κτλ.
1201 524 1236 590 Si
1263 524 1367 607 igitur

87 649 188 712 supra
209 631 309 698 verbo
332 627 523 715 deprendam
545 632 714 699 adijcimus
737 629 885 713 κολάζειν,
908 631 994 697 idem
1016 631 1067 697 bis
1090 629 1219 696 dicitur.
1251 631 1367 711 ltaque

87 736 258 801 delendum
285 741 337 802 est
363 739 423 804 hoc
449 740 597 819 verbum,
626 741 710 820 quod
733 739 851 820 aliquis
875 758 893 803 e
915 736 934 823 ἡ
958 744 976 803 6
1001 736 1192 818 adscripsit,
1221 754 1292 802 cum
1315 756 1367 802 ac·

85 842 251 911 cusativos
274 829 420 923 λέγοντας
448 849 482 911 et
509 841 698 929 βεβιωκότας
726 865 797 911 oum
824 865 903 913 voce
927 845 1102 927 φυλακτέον
1126 843 1366 925 coniungendos

85 967 159 1014 esso
181 948 334 1015 nesciret.
361 989 405 997 —
432 951 472 1016 In
498 951 592 1016 initio
620 949 639 1037 ἡ
663 957 682 1016 8
707 952 886 1017 Aeschines
914 949 1063 1032 exponit,
1096 969 1157 1029 quo
1186 948 1298 1016 ordine
1326 949 1366 1015 de

85 1055 215 1139 legibus
244 1055 390 1121 dicturus
419 1056 472 1123 sit.
521 1062 657 1143 Πρῶτον
688 1058 748 1138 μέν
775 1051 840 1142 γάρ,
870 1055 988 1136 inquit,
1017 1053 1149 1135 διέξειμι
1176 1048 1258 1139 πρὸς
1284 1048 1366 1136 ἡμᾶς

85 1156 159 1234 τυδς
181 1157 304 1242 νόμους,
329 1162 361 1226 οἳ
382 1171 501 1226 κεῖνται
523 1158 601 1248 περὶ
622 1169 678 1251 τὴς
701 1158 871 1244 εὐκοσμίας
890 1167 953 1225 τῶν
971 1163 1096 1225 παίδων
1114 1166 1177 1224 τῶν
1195 1144 1365 1247 ἡμετέρων,

87 1265 201 1331 ἔπειτα
234 1265 383 1354 δεύτερον
414 1263 487 1341 τυδς
519 1274 596 1355 περὶ
631 1275 694 1333 τῶν
732 1266 834 1334 ἄλλων
865 1261 1003 1333 ἡλικιῶν·
1041 1274 1220 1348 sequuntur
1251 1271 1366 1336 verba:

85 1367 129 1437 οὕ
150 1369 267 1454 μόνον
291 1377 381 1459 περὶ
403 1359 476 1438 τῶν
498 1374 659 1440 ἰδιωτῶν
682 1369 776 1440 ἀλλὰ
799 1378 860 1439 καὶ
883 1376 1064 1460 περὶτῶν
1083 1370 1259 1462 ρητόρων,
1284 1393 1366 1454 quae

84 1482 257 1545 Bekkerus
272 1480 363 1546 uncis
377 1481 518 1561 inclusit,
539 1483 682 1548 editores
697 1482 891 1547 Turicenses
906 1485 940 1546 et
953 1480 1119 1546 Frankius
1135 1485 1168 1545 et
1183 1480 1366 1545 Schultzius
1392 1537 1396 1545 ,

86 1591 120 1650 et
143 1586 336 1652 Weidnerus
366 1588 575 1654 sustulerunt.
626 1590 822 1655 Benselerus
850 1593 959 1653 autem
987 1607 1025 1652 ea
1053 1587 1102 1652 ita
1125 1586 1282 1653 defendit:
1315 1586 1367 1651 Da

86 1692 135 1756 sie
158 1692 274 1775 jedooh
302 1693 365 1757 den
394 1693 608 1776 cigentlichon
636 1696 747 1760 Inhalt
775 1696 833 1759 der
861 1693 1000 1760 Gesetze
1028 1694 1197 1758 euthalten
1225 1693 1291 1758 und
1314 1692 1367 1758 die

86 1798 200 1864 Worte
219 1800 377 1883 aspirato
396 1795 499 1863 ἄλλων
518 1793 643 1886 ἡλικιῶν
661 1800 728 1866 fast
747 1800 805 1866 auf
822 1801 884 1866 alle
903 1798 1040 1882 dbrigen
1059 1799 1176 1881 irgend
1193 1801 1276 1864 noch
1294 1818 1367 1866 ror-

84 1905 257 1970 handeuen
289 1903 428 1969 Gesetze
459 1906 602 1989 benogen
634 1908 766 1972 werdon
802 1909 961 1984 honnten,
999 1924 1034 1970 so
1073 1903 1147 1969 sind
1179 1904 1227 1969 sie
1258 1903 1366 1969 nichts

86 2011 232 2094 weniger
251 2010 300 2075 als
319 2010 522 2094 dberfldssig,
541 2012 604 2076 wie
624 2012 672 2077 sie
691 2014 775 2078 donn
795 2014 877 2077 auch
896 2012 958 2076 ailo
977 2010 1233 2076 Handschriften
1252 2012 1366 2077 haben.

86 2115 150 2182 Sed
177 2117 244 2181 iam
272 2135 372 2197 supra
399 2115 418 2202 ξ
449 2123 465 2182 7
494 2120 584 2201 leges
612 2122 777 2205 περὶτῶν
811 2115 913 2181 ἄλλων
944 2111 1070 2203 ἡλικιῶν
1103 2117 1256 2182 definitae
1290 2121 1368 2181 sunt

85 2223 195 2291 Verbis
224 2215 262 2285 οδ
290 2219 389 2303 μόνον
416 2227 493 2310 περὶ
520 2230 582 2289 τῶν
611 2224 749 2305 ἰδιωτῶν,
784 2218 864 2289 ἄλλά
891 2226 944 2287 καὶ
970 2226 1047 2308 περὶ
1075 2227 1147 2286 τῶν.
1166 2219 1305 2311 ῥητόρων
1333 2227 1367 2288 et

85 2329 265 2394 Aeschines
287 2328 359 2412 ipse
381 2331 545 2412 promittit
568 2351 603 2397 se
626 2333 736 2397 eodem
759 2332 851 2397 modo
875 2350 1008 2396 usurum
1032 2348 1104 2395 esse
1126 2329 1280 2409 oratione,
1304 2349 1366 2410 quo

84 2437 192 2518 legum
215 2441 380 2501 auctorem
402 2436 539 2520 legibus
562 2443 599 2503 ut
623 2438 788 2503 auditores
811 2437 937 2502 illorum
960 2438 1132 2503 verborum
1154 2435 1251 2501 facile
1274 2434 1367 2500 remi-

84 2541 250 2607 niscentes
274 2543 313 2607 de
337 2541 410 2608 aliis
433 2543 560 2626 legibus
585 2544 731 2627 cogitare
754 2547 916 2623 nequeant
944 2562 1048 2622 neque
1070 2541 1175 2624 magis
1198 2561 1237 2606 ea
1260 2541 1368 2623 repeti

84 2666 218 2713 necesse
241 2647 286 2712 sit
309 2668 404 2729 quam
427 2655 502 2731 post
524 2652 599 2734 περὶ
623 2654 678 2721 τίς
701 2643 869 2729 εὐκοσμίας
892 2653 954 2711 τῶν
977 2650 1102 2711 παίδων
1125 2652 1188 2710 τῶν
1205 2641 1367 2733 ἡμετέρων

84 2753 155 2834 illa,
187 2754 303 2834 quibus
327 2755 505 2820 Aeschines
532 2753 551 2840 ἡ
577 2761 593 2820 7
622 2757 712 2840 leges
741 2759 817 2841 περὶ
843 2760 899 2842 τῆς
927 2752 1128 2841 σωφροσύνης
1155 2758 1219 2816 τῶν
1241 2756 1367 2818 παίδων

84 2863 147 2922 τῶν
174 2853 336 2946 ἡμετέρων
364 2861 552 2943 descripsit:
583 2857 603 2926 d
625 2857 683 2949 χρὴ
708 2902 751 2910 -
774 2903 816 2910 -
840 2902 882 2909 -
906 2901 949 2909 -
971 2865 1136 2947 τραφῆναι.
1188 2861 1367 2926 Praeterea

84 2963 200 3050 ver0§
222 2972 239 3030 7
263 2968 365 3035 verba
387 2960 425 3030 οἰ
447 2963 546 3048 μόνον
570 2972 730 3054 περὶτῶν
753 2968 892 3048 ἰδιωτῶν,
918 2962 997 3032 άλλδ
1019 2971 1072 3030 καὶ
1094 2969 1171 3052 περὶ
1194 2971 1256 3028 τῶν
1279 2962 1367 3054 ῥητό-

84 3094 147 3157 ρων
174 3074 359 3138 non'modo
389 3074 534 3140 definitio
563 3094 635 3141 esse
657 3075 736 3140 mihi
758 3076 919 3155 ridentum,
948 3076 1006 3141 sed
1034 3073 1184 3139 similiter
1207 3093 1245 3137 ac
1267 3071 1285 3156 ἡ
1310 3078 1366 3138 20:

83 3177 166 3264 μηδὲ
189 3183 423 3259 συκοφαντείτω
445 3184 627 3260 μισθωθείς
655 3181 752 3247 etiam
780 3180 1029 3246 insectationem
1053 3184 1090 3245 nt
1111 3180 1161 3244 ita
1185 3179 1291 3243 dicam
1314 3179 1367 3244 Ti·

84 3284 216 3364 marchi,
249 3284 305 3365 qui
336 3285 371 3350 in
403 3288 501 3352 rebus
533 3287 671 3369 puhlicis
704 3289 908 3367 versabatur,
941 3286 975 3352 in
1009 3306 1043 3352 se
1076 3285 1251 3351 continere.
1307 3285 1366 3351 Cui

85 3389 224 3455 artificio
246 3389 298 3458 vis
321 3391 513 3472 demeretur,
538 3393 566 3457 si
589 3397 664 3474 post
687 3412 807 3475 paucos
830 3412 946 3459 versus
969 3396 1182 3475 repeteretur.
1211 3390 1367 3456 Dubitari
1422 3438 1427 3447 -

83 3495 187 3578 igitur
218 3515 284 3562 non
315 3503 433 3579 potest,
466 3499 543 3579 quin
576 3499 831 3564 additamentum
865 3499 917 3565 sit.
967 3500 1188 3579 Interpolator
1216 3496 1366 3577 sortasse,

83 3603 169 3682 quod
196 3602 265 3667 fere
294 3604 406 3668 eadem
433 3602 801 3690 verbaaosup1²a§7
826 3604 953 3671 invenit
975 3602 994 3690 ἡ
1018 3610 1052 3683 8,
1082 3603 1180 3668 etiam
1208 3603 1268 3668 hoc
1295 3603 1365 3668 looo

83 3701 122 3771 οἰ
149 3703 248 3789 μόνον
272 3759 417 3772 ........
441 3714 504 3772 τῶν
532 3705 670 3798 ρητόρων
698 3711 746 3775 eis
776 3711 1024 3776 adscribendum
1052 3729 1123 3775 esse
1156 3709 1294 3790 putavit.
1322 3748 1366 3756 -

82 3811 102 3899 ἡ
126 3819 155 3894 8,
178 3819 216 3880 ut
238 3814 387 3894 vidimus
410 3816 589 3882 Aeschines
612 3817 715 3899 primo
739 3818 808 3882 loco
833 3818 934 3896 docet,
958 3836 1019 3897 quo
1044 3815 1157 3881 ordine
1181 3816 1220 3880 de
1238 3815 1365 3898 legibus

82 3907 251 3987 locuturus
275 3921 328 4001 sit,
352 3921 469 3987 deinde
493 3916 558 4002 ἅμα
582 3922 699 4003 δὲκαὶ,
727 3922 842 4003 inquit,
865 3919 1029 4007 βούλομαι,
1054 3910 1078 3983 ὦ
1101 3915 1264 4007 Ἀθηναῖοι,
1289 3944 1366 4006 προ-

82 4028 260 4103 διεξελδείν
278 4031 406 4112 πρῶτον
425 4023 505 4114 πρὸς
525 4022 614 4110 ὑμᾶς,
635 4022 675 4101 ὡς
695 4027 819 4108 ἔχουσιν
838 4029 868 4092 οἰ
886 4024 978 4110 νόμοι
1001 4030 1092 4113 περὶ
1115 4032 1180 4099 τίς
1202 4024 1364 4108 πόλεως,

82 4129 182 4197 πάλιν
205 4133 240 4197 δέ
262 4129 346 4215 μετὰ
368 4138 453 4198 τοῦτ’
478 4129 681 4211 ἀντεξετάσαι
704 4130 778 4207 τους
801 4131 940 4220 τρόπους
962 4129 1036 4206 τοδς
1063 4129 1241 4217 Τιμάρχου·
1265 4133 1366 4215 Saup-

81 4238 164 4322 pius,
188 4240 244 4319 qui
262 4238 300 4325 §§
320 4246 361 4305 37
383 4245 416 4306 et
437 4247 498 4305 196
520 4240 623 4320 affert,
646 4244 723 4328 περί
745 4245 801 4328 τὴς
824 4237 948 4313 πόλεως
971 4242 1066 4319 delet,
1090 4239 1192 4304 ceteri
1211 4239 1365 4319 retinent,

84 4344 281 4411 Weidnerus
309 4348 386 4430 περὶ
408 4342 610 4432 σωφροσύνης
633 4352 673 4433 τῇ
696 4344 791 4411 πόλει
814 4347 954 4413 coniicit.
999 4345 1034 4412 si
1056 4347 1158 4414 verba
1179 4345 1374 4417 retinemus,

1118 4463 1174 4515 xis
