2896 4830
674 253 718 261 -
765 220 783 280 6
813 216 874 304 ιἠ...

93 468 96 473 .
134 428 226 475 aram
253 414 328 491 post
356 429 498 493 pugnam
526 408 568 475 ad
595 409 870 494 Eurymedontem
897 411 1017 478 factam
1046 413 1288 481 consecravisse
1310 413 1416 496 scivit,

133 508 192 600 τὴν
214 510 309 579 πόλιν
332 510 420 597 ἡμῶν
444 515 666 597 adscripserit,
689 535 730 582 ne
753 517 825 597 quis
848 518 888 582 de
916 517 1063 584 omnibus
1086 518 1223 586 Graecis
1247 521 1415 604 cogitaret.

134 622 262 687 Deinde
288 622 443 688 librarius
471 623 634 705 particula
656 624 709 686 καὶ
737 623 889 706 apposita
910 642 1021 691 vocem
1048 625 1083 690 in
1110 631 1308 693 structuram
1330 646 1416 692 rece

134 729 193 810 pit.
246 730 362 808 Itaque
398 728 582 796 Schultzius
618 730 719 797 verba
750 719 804 793 καὶ
834 723 893 817 τὴν
929 724 1024 792 πόλιν
1055 734 1144 795 recte
1175 731 1254 797 mihi
1285 731 1416 800 videtur

135 835 252 914 delere,
277 854 469 916 quamquam
493 855 632 916 oausam,
655 855 713 902 our
734 834 769 901 id
791 835 917 915 fecerit,
939 854 1004 901 non
1027 836 1127 902 addit.

222 942 315 1008 Haec
342 946 420 1008 sunt
447 943 672 1015 additamenta
699 942 823 1025 primae
846 941 1014 1021 orationis,
1042 961 1124 1023 quae
1151 963 1261 1010 omnes
1289 944 1415 1010 codices

135 1049 245 1114 eodem
273 1049 366 1114 modo
390 1049 556 1115 exhibent.
611 1049 811 1132 Quamquam
834 1044 943 1114 autem
969 1047 1049 1112 mihi
1070 1051 1272 1132 propositum
1295 1057 1355 1131 est,
1379 1057 1417 1117 ut

133 1160 261 1220 tantum
285 1155 509 1221 additamenta
531 1159 679 1235 tractem,
709 1157 748 1221 de
771 1155 888 1236 quibus
911 1153 1055 1223 dubitari
1077 1176 1143 1221 non
1164 1161 1283 1240 potest,
1306 1163 1415 1224 tamen

134 1261 243 1328 facere
265 1281 332 1327 non
355 1281 495 1343 possum,
519 1262 606 1342 quin,
629 1282 670 1329 ne
693 1262 771 1342 qnid
795 1260 943 1326 omisisse
965 1260 1088 1340 videar,
1111 1282 1207 1330 voces
1231 1282 1415 1330 commemo

112 1370 210 1448 rem,
238 1388 319 1449 quas
348 1369 493 1434 homines
523 1368 610 1433 docti
633 1369 764 1434 additas
788 1387 860 1434 esse
883 1386 1053 1449 perperam
1076 1373 1272 1434 statuerunt.
1316 1372 1416 1438 Velut

133 1472 152 1559 ξ
178 1480 239 1539 175
269 1474 444 1554 Frankius,
471 1474 676 1554 Weidnerus,
705 1473 887 1540 Schultxius
916 1480 991 1556 post
1019 1477 1121 1543 verba
1149 1459 1192 1537 ὧν
1219 1469 1249 1538 δ’
1250 1469 1307 1539 οὐκ
1336 1464 1414 1563 ἦσαν

132 1582 253 1647 tollunt
275 1585 386 1666 κριταί.
433 1583 555 1647 Tamen
584 1581 703 1664 optime
732 1580 853 1646 dictum
882 1585 941 1647 est.
991 1583 1226 1648 Demosthenes
1255 1583 1339 1648 enim
1366 1583 1415 1649 ita

133 1686 241 1753 dicere
256 1688 403 1771 fingitur:
423 1681 593 1768 ἆπαχαχών
611 1681 669 1773 γὰρ
688 1681 804 1759 αὐτούς
819 1686 969 1775 (iudices)
991 1680 1056 1751 ἀπὸ
1075 1694 1138 1751 τῶν
1156 1690 1233 1773 περὶ
1251 1693 1415 1775 Τίμαρχον

133 1792 242 1858 αἰτιῶν
265 1791 427 1880 ἐπέστησα
450 1792 595 1880 φέρων
578 1798 635 1859 επὶ
657 1789 713 1858 τὸν
735 1790 907 1879 κατήγορον
934 1797 987 1858 καὶ
1018 1795 1185 1859 Φίλιππον
1206 1797 1260 1858 καὶ
1285 1801 1416 1868 Φωκέας

132 1903 185 1963 καὶ
208 1897 327 1983 αόβους
350 1897 515 1988 ἐπῃρτῃσα
538 1911 603 1974 τοῖς
627 1895 842 1986 ακροωμένοις.
868 1894 949 1964 ὥσθ
960 1951 1125 1965 ..........
1150 1925 1181 1965 οι
1172 1901 1239 1966 δὲ
1262 1903 1414 1983 δικασταί,

133 1990 175 2069 ὧν
193 2007 253 2088 μὲν
272 1996 352 2093 ἦσαν
371 2009 522 2088 δικασταί,
547 2003 757 2086 ἐπελάθοντο,
783 2005 825 2069 ὡν
844 2008 871 2070 δ’
891 2001 947 2070 οὐκ
966 1995 1046 2092 ἦσαν
1064 2012 1175 2093 κριταί,
1198 2011 1275 2093 περὶ
1293 2004 1415 2071 τούτων

132 2109 251 2198 ἤκουον.
290 2113 420 2179 Iudices
442 2114 547 2197 igitur
570 2115 663 2180 obliti
687 2119 771 2193 sunt,
795 2133 930 2194 quarum
954 2132 1125 2179 causarum
1147 2113 1272 2180 iudices
1295 2121 1414 2195 essent,

131 2226 166 2286 et
184 2239 220 2285 se
237 2225 413 2303 gesserunt
430 2241 489 2303 pro
509 2220 644 2286 arbitris
664 2239 775 2286 earum
794 2238 912 2299 rerum,
937 2239 1072 2300 quarum
1092 2220 1211 2285 arbitri
1227 2241 1293 2286 non
1311 2226 1415 2301 erant,

131 2346 240 2392 rerum
262 2325 472 2407 accusatoris
494 2325 647 2408 Philippi,
670 2326 872 2392 Phociorum.
918 2324 1004 2410 Quid
1026 2325 1061 2391 in
1083 2328 1146 2393 hec
1167 2347 1204 2393 re
1228 2326 1414 2393 offensionis

131 2432 241 2499 inest?

219 2540 289 2607 Iam
317 2539 357 2606 de
386 2539 510 2605 duobus
537 2535 771 2605 additamentis
800 2538 1010 2620 disputemus
1038 2558 1121 2619 quae
1148 2560 1258 2606 omnes
1287 2541 1414 2606 codices

130 2646 295 2725 exhibent,
324 2647 382 2711 sed
410 2666 452 2712 ex
479 2665 599 2729 genere
622 2647 699 2725 did,
727 2650 765 2711 ut
791 2645 966 2712 brevitatis
995 2664 1094 2710 causa
1116 2647 1177 2711 hoc
1205 2647 1299 2730 signo
1327 2652 1413 2726 utar,

131 2771 326 2836 cognoscere
353 2753 439 2818 licet.
468 2791 512 2800 -
539 2751 557 2837 ξ
581 2752 666 2818 enim
691 2758 730 2816 75
755 2751 934 2817 Aeschines
958 2751 1047 2830 dicit,
1076 2752 1161 2831 quod
1189 2754 1229 2818 de
1258 2752 1332 2818 aliis
1360 2755 1414 2819 ho-

130 2859 269 2925 minibus
300 2859 481 2941 impudicis,
514 2878 706 2939 quamquam
733 2877 798 2923 non
825 2858 1052 2939 perspiciatur,
1085 2858 1163 2938 quid
1190 2865 1300 2941 agant,
1332 2859 1413 2925 iudi-

131 2966 267 3031 candum
294 2964 349 3046 sit,
376 2966 461 3030 idem
484 2966 524 3031 de
547 2965 717 3030 Timarcho
747 2963 918 3029 dicendum
947 2982 1027 3030 esse.
1074 2964 1247 3031 codicibus
1269 2964 1319 3031 ita
1342 2985 1413 3048 per-

130 3071 233 3155 gitur:
257 3068 331 3134 ἒπεὶ
353 3065 435 3156 πρὸς
457 3075 545 3135 θεῶν
567 3075 606 3133 τί
625 3071 687 3134 δεῖ
707 3070 750 3156 (d
763 3071 802 3134 F
808 3073 837 3134 b
846 3089 904 3149 oq
925 3071 1051 3135 Barb.
1067 3072 1177 3136 Aba:
1201 3067 1279 3158 χρή)
1303 3073 1411 3153 λέγειν,

134 3182 287 3262 Τίμαρχε,
312 3170 331 3264 ἢ
353 3181 388 3240 τί
408 3171 450 3240 σύ
473 3176 516 3262 (d
533 3179 573 3242 F
584 3181 613 3242 h
632 3179 758 3243 Bari).
778 3178 887 3240 Aba:
916 3180 950 3238 τί
974 3197 1034 3258 pro
1062 3169 1140 3263 ἢτί
1160 3171 1213 3264 σύ)
1242 3170 1281 3240 ἂν
1309 3178 1412 3251 εἴποις

132 3277 226 3356 αὐτὸς
252 3286 330 3369 περὶ
358 3283 466 3370 ἕτερον
495 3277 670 3368 ἀνθρώπου
698 3279 759 3346 ε’πί
781 3286 821 3368 τῃ
850 3279 937 3366 αἰτία
965 3272 1066 3372 ταύτῃ
1098 3288 1300 3369 κρινομέυοο,·
1333 3278 1353 3372 ἢ
1381 3290 1415 3348 τί

130 3384 190 3477 χρὴ
220 3392 328 3471 λέγειν,
361 3383 438 3453 ὅταν
469 3385 632 3474 μειράκιον
663 3395 734 3453 νέον
766 3382 941 3451 καταλιπὸν
974 3383 1032 3476 τὴν
1064 3387 1220 3476 πατρῴαν
1247 3388 1350 3455 οἰκίαν
1378 3389 1412 3456 ἐν

132 3490 308 3582 ἀλλοτρίαις
332 3495 443 3569 οἰκίαις
465 3492 643 3584 νυκτερεύῃ,
673 3489 731 3577 τὴν
754 3492 831 3581 ὄψιν
860 3494 975 3581 ἑτέρων
998 3497 1150 3582 διαφέρον
1172 3500 1225 3560 καὶ
1248 3498 1412 3577 πολυτελῆ

131 3605 247 3668 δεῖπνα
264 3605 379 3692 δειπνῇ
392 3596 570 3687 ἆσι’μβολον
586 3606 639 3666 καὶ
656 3596 845 3688 αι’λῃτρίδας
861 3598 917 3689 ἔχῃ
929 3605 982 3666 καὶ
996 3602 1122 3688 ἑταίρας
1134 3601 1412 3677 πολυτελεστάτας

130 3713 183 3773 καὶ
206 3705 323 3799 κυβεύῃ
345 3713 399 3774 καὶ
420 3709 520 3796 μηδὲν
542 3706 647 3797 ἐκτίνῃ
670 3702 764 3781 αὐτὸς
788 3702 854 3771 ἀλλ’
879 3705 985 3793 ἕτερος
1007 3703 1091 3795 ὑπὲρ
1115 3702 1232 3792 αὐτοῦ,
1255 3710 1411 3777 Εᾱὶιοτθε

130 3817 232 3883 verba
258 3821 292 3880 τί
318 3815 369 3880 δεῖ
393 3816 501 3896 λέγειν,
537 3820 688 3900 Τίμαρχε,
723 3807 743 3901 ἢ
769 3819 803 3879 τί
828 3807 866 3877 σι)
896 3807 934 3877 dv
962 3813 1065 3888 εἴποις
1097 3835 1168 3881 cum
1195 3816 1306 3883 Verbis
1334 3818 1411 3903 περὶ

132 3921 240 4008 ἕτερον
270 3916 445 4008 ἀνθρώπου
473 3919 529 3986 ἐπὶ
556 3927 596 4010 τῃ
620 3920 706 4006 αἰτίᾳ
728 3918 829 4009 ταύτῃ
852 3925 1037 4005 κρινομένου
1061 3926 1134 3987 arte
1158 3921 1354 4006 coniungere
1377 3929 1411 3988 et

131 4048 179 4109 ea,
208 4047 290 4109 quae
312 4034 504 4109 sequuntur:
533 4020 552 4116 ἢ
575 4034 609 4092 τί
634 4023 693 4115 χρὴ
721 4029 828 4108 λέγειν,
858 4021 935 4091 ὅταν
963 4028 1027 4091 κτλ.
1056 4030 1097 4093 ab
1126 4027 1181 4108 eis,
1211 4048 1293 4109 quae
1321 4034 1411 4094 ante·

131 4135 258 4213 cedunt,
285 4135 547 4216 interpunctione
575 4135 746 4218 seiungere
773 4136 886 4214 solent,
914 4139 952 4200 ut
979 4135 1186 4201 enunciatum
1216 4133 1265 4198 ita
1291 4133 1411 4199 intelli-

131 4246 243 4325 gatur:
267 4241 345 4322 quid
363 4242 532 4308 dicendum
551 4246 602 4307 est
621 4245 679 4307 aut
701 4240 778 4321 quid
795 4246 833 4307 tu
851 4241 986 4321 dixeris,
1009 4241 1187 4319 Timarche
1211 4240 1251 4304 de
1269 4239 1410 4321 homine;

131 4347 185 4424 pni
208 4348 270 4414 hoc
293 4348 427 4414 crimine
449 4347 655 4430 postulatur?
678 4352 736 4413 aut
755 4347 833 4428 quid
852 4348 1022 4414 dicendum
1041 4351 1100 4426 est,
1124 4345 1154 4412 si
1171 4364 1253 4428 puer
1273 4364 1312 4411 eo
1330 4344 1409 4428 agit,
