2896 4830
618 224 841 292 ...22-

85 423 139 493 vel
165 441 248 504 quae
270 419 390 488 similia
417 419 537 505 singuli
559 420 637 487 libri
664 421 820 489 exhibent
848 428 1002 507 corrupta
1029 443 1100 490 esse
1129 427 1362 493 sententiarum

85 530 171 596 ratio
195 529 405 594 demonstrat.
437 527 520 592 Nam
537 528 676 610 primum
694 548 759 595 non
777 529 921 612 Philippi
940 531 998 596 sed
1016 530 1214 599 Graecorum
1237 536 1362 617 legatos

86 657 106 703 a
133 634 352 702 Demosthene
378 652 444 699 non
471 638 679 717 exspectatos
707 653 779 701 esse
806 635 1001 702 Aeschinem
1033 636 1142 703 dicere
1168 641 1260 720 velle,
1292 660 1363 706 cum

85 764 129 811 ex
151 742 225 809 aliis
247 739 327 806 locis
352 739 573 859 cognoscimus
595 744 664 806 tum
684 760 703 806 1
722 742 831 810 verbis
850 740 935 829 563:
960 739 1081 830 ἔγραψε
1101 744 1363 833 (Demosthenes)

85 851 283 915 σπείσασθαι
309 849 355 933 τῷ
382 840 491 933 κήρυκι
517 850 563 934 τῷ
591 840 657 910 ἀπὸ
687 837 855 912 Φιλίππὸυ
887 851 940 912 κα1
960 859 1032 922 τοῖς
1059 855 1229 937 πρέσβεσιν
1260 857 1294 918 11
1322 873 1364 918 ex

84 956 194 1026 verbis
222 952 241 1040 ξ
265 957 320 1019 64:
352 949 549 1078 Φιλοκράτην
575 954 629 1018 καὶ
651 958 864 1042 Δημοσθένην
886 1005 1075 1021 ...........
1104 950 1145 1020 τὰ
1146 963 1364 1082 ψηφίσματα

84 1059 260 1183 γράφοντας
275 1110 428 1124 .........
446 1051 533 1131 ὅπως
555 1082 602 1141 μν
623 1071 826 1147 περιμενεῖτε
848 1057 921 1134 τούς
943 1056 1099 1192 πρέσβειξ,
1124 1057 1177 1136 οὓς
1201 1051 1248 1150 ητ’
1272 1063 1363 1130 ε’κπὲ-

84 1164 251 1252 πομφότες
279 1163 582 1254 παρακαλοῦντες
565 1170 622 1230 επὶ
652 1169 818 1231 Φίλιππον
846 1172 879 1234 11
905 1167 924 1254 ᾗ
949 1176 1004 1235 67:
1027 1170 1089 1251 ἵνα,
1118 1175 1215 1256 φησίν
1236 1172 1364 1257 (Deme-

85 1276 240 1361 sthenes),
275 1268 331 1338 ἐὰν
363 1269 423 1359 ἤδη
454 1277 600 1359 παρῶσιν
627 1274 658 1338 οἱ
684 1277 742 1337 τοῦ
772 1276 938 1339 Φιλίππου
967 1281 1122 1362 πρέσβεις,
1154 1274 1365 1365 βουλεύσηται

85 1375 103 1444 ὃ
129 1384 229 1468 δῆμος
258 1374 298 1452 ὡς
324 1374 457 1459 τάχιστα
489 1382 566 1467 περὶ
596 1385 659 1443 τῶν
686 1375 767 1466 πρὸς
797 1384 971 1463 Φίλιππον,
1004 1392 1070 1455 τοῖς
1101 1379 1193 1447 οὔπω
1225 1391 1365 1471 παροῦσι

84 1493 236 1575 πρέσβεσι
258 1480 576 1573 προκαταλαμβάνων
598 1480 656 1572 τὴν
679 1483 845 1574 ἐκκλησίαν
866 1489 928 1553 κτλ
977 1490 1107 1573 Optime
1134 1490 1237 1574 igitur
1259 1492 1364 1574 primo

85 1598 200 1663 obtutu
228 1593 355 1661 codices
379 1594 449 1657 111
472 1592 662 1660 evidentur
689 1595 857 1661 exhibere:
884 1598 938 1660 καὶ
965 1589 1022 1659 οὐκ
1050 1590 1264 1678 ἀναμείναντα
1291 1593 1365 1670 τούς

83 1707 239 1787 πρέσβεις,
264 1699 462 1765 Graecorum
481 1699 642 1766 videlicet.
669 1701 782 1781 Neque
804 1706 914 1768 tamen
935 1703 984 1768 ita
1007 1703 1200 1787 scripserim,
1223 1725 1298 1771 nam
1321 1705 1364 1785 id,

84 1809 169 1890 quod
203 1827 242 1873 ea
269 1807 343 1928 ipsa
374 1805 539 1872 sententia
566 1807 775 1887 subsequitur
801 1808 924 1876 verbis:
957 1808 1057 1873 αἴτιον
1085 1809 1119 1874 δὲ
1147 1807 1292 1891 γεγονότα
1319 1816 1365 1898 τῷ

84 1910 173 2003 δήμῳ
201 1917 259 1976 τοῦ
286 1906 332 2000 μὴ
360 1906 443 1993 μετὰ
470 1917 576 1977 κοινοῦ
607 1915 771 2001 συνεδρίου
804 1919 867 1978 τῶν
865 1902 1047 2000 Ἑλλήνων
1078 1912 1279 2037 ποιησασθαι
1306 1911 1364 2002 τὴν

84 2018 217 2109 εἰρήνην,
246 2020 281 2085 in
304 2037 424 2102 genere
447 2022 496 2085 111
519 2038 562 2084 ex
584 2020 722 2087 arbitrio
747 2026 924 2088 correctum
948 2041 1019 2088 esse
1047 2023 1253 2106 perspicuum
1274 2023 1364 2090 facit

81 2131 200 2209 Itaque
230 2146 344 2196 verum
375 2127 441 2192 iam
467 2127 509 2191 Η.
536 2126 672 2193 Wolfius
698 2127 833 2207 invenit,
865 2129 920 2209 qui
951 2128 1075 2211 primus
1106 2123 1259 2202 καὶτοὺς
1286 2132 1363 2216 παρ’

83 2233 204 2301 ἐκείνου
232 2239 381 2319 πρέσβεις
409 2232 555 2312 coniecit,
582 2232 632 2298 ita
658 2237 696 2298 ut
718 2234 924 2302 accusativus
953 2236 995 2301 ad
1017 2232 1265 2299 κεκολακευκότα
1292 2256 1364 2317 per-

82 2344 197 2409 tineat.
246 2342 496 2407 Demosthenem
528 2337 613 2404 enim
645 2339 744 2405 etiam
770 2341 896 2424 legatos
922 2341 1069 2424 Philippi
1084 2343 1263 2417 ¹adulatum
1291 2361 1362 2407 1111

82 2448 262 2516 Aeschines
296 2444 380 2531 §76
409 2450 538 2512 narrat:
574 2438 654 2508 ἀλλὰ
680 2440 754 2509 τότε
781 2441 880 2527 μόνον
906 2449 960 2511 καὶ
986 2452 1115 2535 πρῶτον
1142 2453 1291 2535 πρέσβεις
1318 2447 1363 2521 εἰς

82 2557 256 2644 προεδρίαν
277 2548 406 2617 ἐκάλεσε
428 2554 481 2616 καὶ
502 2545 731 2638 προσκεφάλαι’
755 2549 854 2640 ἔθηκε
877 2556 930 2618 καὶ
952 2556 1125 2636 φοινικίδας
1146 2559 1362 2639 περιεπέτασε

81 2665 136 2727 καὶ
158 2654 226 2743 ἅμα
248 2663 288 2748 τῇ
311 2653 415 2747 ὕμὲρη
438 2652 541 2744 ἡγεῖτο
562 2666 629 2729 τοῖς
651 2663 821 2745 πρέσβεσιν
844 2659 889 2734 εἷς
911 2654 948 2724 τὸ
970 2664 1108 2747 θέατρον
1123 2710 1290 2725 ........
1309 2663 1363 2724 καὶ

82 2761 128 2832 ὅτ’
152 2761 305 2854 ἀπῄεσαν,
329 2760 522 2846 ἐμισθώσατ’
547 2757 654 2837 αὐτοῖς
675 2770 748 2852 τρία
772 2763 862 2854 ζεύγη
886 2760 975 2854 ὀρικὰ
996 2770 1049 2831 καὶ
1072 2763 1295 2854 προῦπεμψεν
1317 2766 1363 2840 εἷς

85 2870 200 2960 Θηβας.
233 2872 288 2937 Ex
309 2871 361 2936 his
385 2871 514 2951 eisdem,
537 2890 620 2952 quae
639 2862 731 2938 modo
751 2872 998 2956 disputavimus
1022 2878 1160 2956 apparet
1179 2875 1361 2958 Taylorum

82 3000 153 3048 cum
168 2978 328 3046 scriberet
347 2971 487 3050 καὶτοὺς
500 2979 578 3065 παρ’
593 2974 714 3042 ἐκείνου
729 2985 879 3066 πρέσβεις
891 2973 964 3051 τούς
979 2979 1014 3065 δὲ
1028 2972 1200 3066 ὑμετέρους
1214 2985 1363 3064 πρέσβεις

82 3080 138 3151 οὐκ
162 3079 385 3167 ἀναμείναντα,
413 3104 494 3154 vera
516 3089 550 3149 11
571 3083 657 3150 falsa
679 3086 896 3152 coniunxisse.
941 3087 1052 3153 Verba
1074 3090 1183 3150 autem
1210 3079 1267 3148 οὗκ
1291 3080 1361 3150 ἀνα-

82 3197 234 3275 μείναντα
253 3194 305 3261 ve]
324 3195 568 3276 παραμείναντα
587 3190 756 3273 quispiam,
776 3193 831 3272 qui
848 3192 1013 3258 notionem
1031 3185 1069 3254 οὗ
1087 3197 1271 3277 περιμένειν
1289 3188 1363 3266 τούς

82 3304 232 3387 πρέσβεις
257 3298 341 3382 legit
368 3296 420 3383 (ci.
443 3295 481 3383 ἕξ
505 3303 547 3363 58
571 3303 605 3363 et
629 3298 685 3385 64)
718 3302 752 3363 11
778 3298 932 3364 memoria
958 3297 1074 3378 tenuit,
1105 3300 1261 3366 uocabulo
1288 3293 1362 3372 τούς

82 3409 231 3492 πρέσβεις
253 3405 288 3471 in
312 3423 455 3470 errorem
477 3403 630 3471 inductus
653 3404 837 3486 adscripsit.
860 3443 904 3452 —
931 3405 1052 3470 Malam
1075 3424 1154 3470 sane
1176 3406 1362 3471 memoriam

82 3510 330 3578 Atheniensium
353 3529 425 3576 esse
449 3515 559 3577 orator
582 3510 735 3594 opinatus
759 3516 854 3591 esset,
879 3511 908 3576 si
930 3509 1005 3596 §69
1030 3514 1131 3579 uerba
1153 3514 1261 3596 paullo
1284 3517 1362 3578 ante

83 3614 116 3704 (ξ
140 3618 195 3704 68)
220 3619 321 3685 dicta:
348 3621 393 3705 τῇ
422 3609 534 3704 ὀγδόη
561 3613 628 3681 ἐπὶ
656 3620 759 3696 δέκα,
788 3621 826 3683 ut
846 3616 881 3681 in
905 3616 1068 3684 codicibus
1092 3624 1235 3699 exstant,
1263 3619 1361 3684 itera·

82 3724 249 3794 uisset-
259 3722 352 3810 §130
377 3728 488 3789 orator
511 3723 654 3806 exponit,
677 3725 878 3804 quambene
901 3722 1017 3791 civitas
1042 3725 1173 3791 deorum
1196 3725 1361 3808 praesidio

83 3834 156 3897 cust
141 3830 247 3896 otdita
274 3830 318 3895 sit
345 3835 379 3895 et
406 3830 547 3912 exempli
574 3850 673 3897 causa
700 3830 868 3897 interitum
896 3834 1075 3931 mystarum
1098 3831 1194 3897 affert
1216 3831 1299 3897 his
1290 3851 1362 3900 ver·

82 3937 134 4004 bis
149 3929 439 4016 111111υχὶκανόν
454 3958 492 4022 ην
506 3930 543 3999 τὸ
558 3946 623 4009 τοῖς
637 3941 819 4024 μυστηρίοις
837 3935 938 4018 φανὲν
955 3945 1086 4021 σημεῖον
1100 3934 1360 4020 φυλάξασθαι,

82 4036 188 4119 ordo
210 4047 337 4125 μυστῶν
359 4038 509 4129 τελευτή,
530 4039 962 4124 Ιη111111111111111ασθαι,
986 4062 1080 4124 quem
1100 4048 1216 4111 abesse
1237 4045 1361 4128 primus

83 4150 237 4217 Baiterus
268 4149 391 4230 maluit,
423 4149 590 4216 Scheibius
623 4148 1045 4236 (11111.Α111111.111.68
1073 4172 1103 4234 p.
1129 4151 1206 4238 157)
1234 4156 1268 4225 11
1295 4153 1362 4218 Η1-

83 4257 235 4323 maherus
259 4256 472 4343 (Mnemosyn.
495 4258 557 4325 vol.
576 4257 659 4325 VIH
680 4276 710 4338 p.
732 4256 787 4343 14)
811 4262 900 4323 11111
922 4262 1138 4325 removerunt.
1173 4259 1282 4339 Atque
1305 4259 1361 4324 1111

83 4361 220 4444 quidem,
243 4363 298 4445 qui
317 4363 514 4434 infinitivum
533 4363 671 4432 subiecti
692 4363 762 4430 loco
786 4383 857 4430 esse
880 4369 914 4430 et
936 4358 973 4428 τὸ
997 4414 1092 4429 ......
1116 4374 1247 4452 σημεῖον
1269 4384 1361 4432 accu-

109 4488 136 4548 K
