2896 4830
64 248 773 329 1,-27-

64 452 149 518 rein
177 473 222 519 or.
245 453 280 517 Π
307 449 326 537 ξ
351 457 391 516 13
421 452 461 517 16
484 452 594 517 eodem
617 451 812 517 Philocratis
841 450 923 516 scito
945 449 1080 532 legitur:
1108 451 1214 514 δίδωσι
1240 446 1299 538 ur}-
1399 456 1406 471 '

64 578 128 639 σμα
145 553 339 643 Φιλοκράτης
353 607 521 621 ..........
543 555 659 632 ἐξεῖναι
675 558 829 641 Φιλίππη]
845 559 938 641 δεῦρο
952 552 1071 642 κη’ρνκα
1086 560 1139 620 καὶ
1153 563 1300 643 πρέσβεις

64 657 276 748 pastoricio
300 659 430 750 εἰρήνης.
472 665 667 728 Benselerus
690 667 806 742 autem,
829 661 884 742 qui
907 663 1080 744 generibus
1106 666 1156 728 ab
1180 666 1305 729 611111

64 771 120 836 mis
145 771 226 848 fidit,
250 769 348 834 simili
370 771 472 849 mode,
496 788 557 849 quo
581 789 625 835 or.
648 770 683 834 H
705 767 724 855 ἓ
749 774 789 833 13
812 764 948 854 κήρυκας
970 767 1124 848 defendit,
1152 771 1300 837 adhunc

64 897 128 942 zum
152 897 197 942 or.
219 877 271 941 HI
298 874 317 960 §
341 881 397 940 62:
425 877 517 941 Doch
540 876 592 955 ist,
615 875 735 956 inquit,
764 876 822 939 der
844 875 1018 939 Ausdruck
1041 876 1097 940 des
1121 876 1300 942 Aeschines

64 1003 93 1048 er
118 983 172 1048 eiu
191 981 400 1064 allgemciner
418 983 497 1046 iiber
512 983 610 1065 jeuen
624 983 754 1063 Antrag
773 981 830 1045 des
849 979 1057 1045 Philokrates
1076 981 1142 1045 fur:
1167 999 1201 1046 es
1221 983 1301 1047 solie

64 1110 87 1153 n
103 1092 266 1171 gestattet
281 1087 358 1166 sein,
378 1087 843 1169 Friedensunterhandlungen
863 1086 1099 1168 anzulmiipfen,
1119 1087 1300 1152 66616666

64 1214 111 1258 66
140 1195 223 1258 auch
251 1195 310 1258 166
339 1191 503 1257 Biindniss
531 1194 737 1276 hervorging.
788 1193 852 1258 Sed
880 1193 952 1273 quis
979 1197 1073 1274 putet
1100 1194 1301 1272 Aeschinem,

64 1300 78 1364 i
103 1298 247 1380 exponit,
276 1317 358 1378 quae
382 1297 465 1362 scita
488 1298 690 1364 Philocrates
712 1298 835 1379 fecerit,
859 1318 941 1379 quae
964 1301 1207 1378 Demosthenes,
1231 1316 1302 1364 cum

64 1409 249 1470 monstrare
273 1405 353 1471 uelit
376 1405 626 1469 Demosthenem
648 1406 753 1487 plura·
766 1405 882 1470 tulisse
905 1424 1001 1485 quam
1023 1405 1239 1470 Philocratem
1259 1443 1302 1451 —-
1399 1488 1405 1497 Ι

64 1511 173 1576 1116166
198 1510 282 1574 enim
306 1512 406 1577 verba
428 1507 465 1595 ἐξ
490 1517 642 1576 60—61:
666 1504 722 1573 ἐὰν
746 1505 840 1584 αὐτὸς
863 1506 880 1574 ὃ
902 1514 958 1597 τῆς
981 1505 1135 1597 ἀληθείας
1157 1505 1303 1592 λογισμὸς

64 1609 287 1704 ιαναλαμβὰνη
305 1610 360 1678 τὸν
379 1621 592 1703 Δημοσθένην
608 1616 710 1679 πλείω
729 1617 790 1696 μὲν
803 1612 984 1703 yoypuporu¹
997 1622 1190 1704 ψηφίσματα
1212 1616 1302 1680 Φιλο-

64 1718 159 1794 ίινονς
176 1725 253 1807 περὶ
272 1723 326 1807 της
346 1719 381 1798 ἒξ
400 1715 494 1809 ἀρχῆς
513 1718 637 1808 εἰρηνης
655 1725 708 1785 καὶ
728 1727 909 1802 συμμαχίας
919 1773 1301 1788 ......................

64 1825 180 1914 ησομαι
202 1822 291 1908 ὑμῶν
318 1829 382 1891 κτλ.
411 1857 454 1874 -·
482 1828 553 1908 quis
582 1828 685 1911 igitur
712 1833 806 1909 putet
828 1829 1022 1895 Aeschinem
1048 1831 1109 1894 hoc
1135 1830 1206 1911 ipso
1234 1832 1302 1895 loco

65 1935 174 2000 tiones
187 1934 284 2015 ¹pacis
304 1939 338 1999 et
355 1934 504 2014 16616116,
528 1954 611 2014 quae
628 1935 663 1998 in
681 1937 742 2000 hac
761 1953 797 1999 re
815 1955 948 2016 prorsus
969 1936 1199 2002 discernendae
1219 1939 1303 2016 sunt,

64 2063 74 2105 c
97 2039 304 2106 66616116661
344 2041 460 2120 Itaque
483 2060 548 2105 non
570 2041 692 2129 dubito,
716 2040 793 2120 quin
816 2043 917 2107 verba
940 2060 983 2105 ex
1005 2039 1023 2126 ξ
1048 2047 1087 2106 61
1112 2044 1175 2107 huc
1197 2047 1303 2106 11666-

64 2152 94 2212 16
122 2147 197 2212 6161.
226 2184 270 2194 -
298 2145 316 2230 ἕ
340 2153 404 2211 109
433 2152 509 2228 post
535 2149 636 2213 verba
665 2141 740 2210 111
763 2149 861 2233 δῆμος
889 2141 906 2210 ὁ
929 2141 1099 2233 Ἀθηναίων
1125 2156 1186 2211 ποῖ
1211 2169 1303 2210 κοία-

64 2248 118 2340 Ξγη,
142 2247 367 2338 Δημόσθενες,
391 2253 515 2319 codices
539 2255 686 2317 uch
693 2255 1014 2335 gmmanarb.
1027 2255 1139 2318 111ον.
1162 2258 1304 2335 pergunt

67 2353 150 2444 πρὸς
172 2362 273 2421 ποίαν
297 2354 470 2439 συμμάχων
493 2355 715 2445 παρασκευήν,
742 2353 821 2443 πρὸς
844 2367 924 2421 ποῖα
947 2352 1110 2444 χρήματα,Ι
1137 2359 1305 2424 Pulticula

69 2466 214 2532 tollenda
238 2469 297 2543 661,
320 2484 396 2529 nam
418 2465 529 2534 verbis
553 2458 634 2552 πρὸς
657 2470 755 2528 ποίαν
765 2515 952 2529 ...........
963 2460 1110 2549 χρήματα
1132 2484 1197 2529 666
1220 2465 1305 2529 aliae

64 2571 233 2636 ‚aestiones
258 2572 465 2637 continentur
488 2591 584 2652 quam
606 2572 697 2653 prior
720 2576 779 2651 est,
808 2571 866 2636 sed
889 2589 954 2650 eae,
983 2590 1065 2650 quae
1088 2570 1227 2651 priorem
1251 2590 1305 2635 ex-

64 2678 156 2743 icent.
189 2679 272 2742 0116
295 2682 403 2742 autem
426 2696 465 2741 66
489 2683 539 2742 661
560 2677 674 2743 littera
696 2685 733 2743 11
754 2676 1004 2759 praepositionis
1018 2670 1108 2760 πρὸς
1131 2676 1304 2757 duplicata.

86 2784 158 2863 quis
182 2785 266 2848 enirn
290 2783 424 2848 consilio
447 2783 641 2864 particulam
665 2783 853 2862 addidisset,
882 2783 967 2847 idem
991 2781 1089 2847 etiam
1112 2782 1185 2847 aliis
1208 2783 1304 2848 huius

68 2889 149 2955 locis
173 2889 269 2954 166116
292 2880 432 2954 fecisset.

116 2997 333 3060 Transeamus
356 2996 399 3059 ad
422 2995 603 3077 colligenda
625 3015 781 3078 generum
804 2997 874 3059 ch
892 2998 926 3059 et
944 2995 993 3058 616
1015 2994 1246 3060 additamenta.
1261 3033 1305 3042 -

71 3107 111 3165 19
136 3101 292 3165 articulus
315 3096 402 3173 τούς
425 3105 501 3166 6616
523 3096 580 3173 τὰς
602 3096 753 3187 πατρῴας
775 3095 883 3172 οὐσίας
906 3150 1092 3164 ...........
1117 3093 1305 3186 ἆνηλοκόιας

85 3207 249 3271 codicibus
273 3226 293 3271 c
317 3209 403 3271 1111
425 3210 453 3272 lc
475 3212 490 3272 l
512 3228 537 3288 q
559 3210 683 3272 Baro.
706 3227 770 3272 non
794 3212 882 3272 recte
912 3207 1095 3288 adscriptus
1119 3214 1178 3272 661.
1223 3207 1304 3272 Nam

64 3332 79 3376 s
98 3312 210 3378 verbis
232 3312 335 3376 eidem
354 3312 588 3394 significantur,
612 3312 668 3393 qui
687 3332 786 3393 supra
805 3312 991 3379 accusativo
1010 3306 1083 3384 τούς
1102 3308 1305 3399 τριηράρχους

64 3418 223 3497 dicantur,
251 3423 288 3482 61
311 3418 518 3500 participium
545 3418 766 3500 praedicative
794 3417 982 3483 1161616611
1009 3437 1112 3497 neque
1135 3419 1305 3484 articulum

64 3524 92 3589 bi
116 3523 282 3605 adiungat.
298 3563 340 3570 —-
355 3521 374 3608 ξ
387 3529 449 3588 138
473 3525 648 3588 adnomen
670 3517 894 3608 Θρασύβουλος
915 3522 949 3587 16
973 3524 1119 3589 omnibus
1142 3523 1305 3590 codicibus

64 3635 162 3695 aeter
185 3649 212 3694 α
229 3649 255 3711 μ
272 3649 316 3694 νιν
334 3649 404 3694 116
428 3631 513 3695 Vat.
534 3631 663 3695 Locum.
686 3631 797 3695 Flor.
821 3628 967 3694 additum
991 3634 1043 3692 est
1065 3613 1175 3700 οὗτος
1198 3647 1305 3716 σιρο-

64 3730 139 3821 ηγὸς
172 3741 205 3799 61
237 3737 345 3817 paullo
378 3735 465 3800 16116
496 3732 515 3820 ξι
541 3741 602 3800 139
636 3740 711 3817 post
745 3728 838 3820 ἡδίων
869 3734 904 3799 16
937 3734 1057 3799 6161616
1089 3730 1211 3822 ῥητωρ
1243 3739 1306 3800 καὶ

64 3826 147 3912 icoc.
180 3842 271 3906 Haec
294 3842 416 3908 scholia
439 3860 511 3906 esse
530 3845 599 3906 tam
617 3840 822 3922 perspicuum
842 3845 900 3919 est,
924 3844 960 3904 ut
980 3841 1170 3905 documenta
1189 3841 1306 3906 afferre

64 3967 93 4011 m
118 3966 197 4027 opus
221 3947 274 4012 sit.
313 3950 380 4013 Nec
402 3947 507 4012 minus
530 3951 652 4012 certum
677 3952 729 4011 est
750 3946 896 4028 primurn,
920 3951 957 4010 ut
981 3946 1229 4027 simile-aliquid
1251 3966 1305 4029 ge-

64 4053 118 4117 uis
138 4054 208 4117 6111
227 4053 374 4118 hocloco
398 4070 647 4131 commemorem,
669 4072 780 4119 uocem
799 4052 941 4117 eiusdem
964 4049 983 4136 ξ
1000 4057 1061 4115 139
1086 4047 1206 4140 ῥήτωρ
1229 4057 1307 4117 6616

64 4155 232 4245 ν’ῤῥονδρος
255 4158 288 4224 16
312 4158 475 4224 codicibus
499 4178 520 4221 ο
538 4160 567 4222 d
588 4159 668 4237 Fq
691 4158 834 4238 spuriam
858 4177 938 4237 esse,
963 4157 1079 4223 161616
1101 4159 1135 4223 16
1160 4159 1305 4223 omnibus

66 4264 193 4330 dicibus
222 4257 441 4351 δημαγωγὸς
469 4269 545 4328 6616
572 4256 763 4348 Ἀρισιοφῶν
808 4265 900 4330 Haeo
923 4269 1031 4330 autem
1054 4264 1160 4330 omnia
1182 4285 1202 4329 a
1225 4285 1306 4329 mar·

64 4391 113 4451 66,
146 4370 202 4435 ubi
232 4371 269 4437 in
295 4369 458 4437 nonnullis
486 4368 580 4434 libris
613 4373 755 4448 exstant,
787 4369 989 4453 negligentia
1020 4370 1056 4436 in
1082 4372 1183 4438 verba
1212 4370 1307 4435 111616
