2896 4830
605 229 805 287 ..5.-

18 372 23 467 i
68 423 140 486 cd
171 422 259 500 Ρη
288 422 414 486 Baro.
445 425 521 502 post
553 416 612 495 ἔξω
644 418 796 485 similiter
828 417 1024 485 addiderunt
1053 423 1110 493 τῆς
1139 415 1268 494 πόλεως.
1303 459 1347 469 -

11 514 16 537 ’
67 525 85 611 §
120 531 161 591 55
195 528 297 593 verba
330 519 347 588 ὃ
378 526 515 590 τοῦτον
553 519 765 612 ἀνειληφώς
802 526 939 591 delenda
971 545 1044 592 esse
1074 527 1280 594 Hamakerus
1312 527 1348 594 111

66 635 267 716 lllnemosyn.
299 634 362 701 vol.
393 634 459 700 VH
494 653 524 714 p.
548 636 613 697 455
647 637 737 697 recte
763 639 880 699 monet.
930 632 982 697 Ab
1009 634 1071 699 hac
1097 633 1183 699 enim
1210 632 1347 714 denique

12 790 16 817 ς
65 737 84 824 ξ
106 739 287 805 Aeschines
311 740 352 804 de
374 739 590 821 Hegesaudro
613 738 702 818 loqui
724 739 840 821 incipit
862 758 965 820 neque
987 758 1122 819 usquam
1145 744 1244 806 antea
1265 739 1347 806 indi-

12 874 15 883 ·
66 849 121 909 cat
144 845 350 911 Timarchum
377 847 418 910 ab
442 845 536 910 11111
565 845 691 912 domum
720 864 810 910 suam
839 851 1004 928 receptum
1031 865 1111 925 1111,
1148 847 1206 911 sed
1233 851 1348 928 postea

10 1028 12 1035 Ι
66 951 192 1016 demum
216 950 235 1037 §
259 957 310 1018 57.
359 950 487 1031 Aliquis
515 939 711 1016 sententiam
740 951 866 1031 exeis,
895 971 978 1032 quae
1001 956 1188 1032 sequuntur,
1217 972 1347 1019 sumens

10 1052 12 1119 ζ
65 1062 124 1122 aot
146 1057 294 1124 imitatus
318 1063 378 1137 est,
406 1076 488 1137 quac
510 1057 647 1139 legimus
675 1056 774 1142 §43:
801 1053 966 1138 Μισγόλας
989 1053 1141 1121 dunowa
1165 1052 1345 1145 ἀνειληφώς,

65 1167 124 1227 aut
150 1166 251 1230 verba
279 1165 350 1246 ipse
378 1162 557 1247 composuit
585 1166 732 1245 exemplo
760 1184 825 1230 non
852 1185 939 1232 usus.
968 1204 1011 1212 —
1037 1162 1056 1249 ξ
1083 1165 1347 1231 12811111111111

65 1269 105 1333 de
130 1270 219 1335 cultu
236 1272 358 1336 Famae
382 1252 509 1353 agitet
532 1275 757 1337 commemorat
779 1272 871 1336 hacc:
895 1266 1044 1358 εὑρήσετε
1067 1272 1119 1333 καὶ
1142 1263 1209 1356 τήν
1232 1268 1349 1336 πόλιν

65 1369 169 1460 ήμῶν
193 1371 332 1464 (ὑμῶν)
360 1379 423 1440 καί
449 1370 522 1448 τούς
549 1372 723 1462 προγόνους
751 1373 858 1464 φήμης
890 1372 930 1450 ὡς
957 1381 1040 1442 θεοῦ
1065 1380 1212 1462 μεγίστης
1238 1372 1347 1462 βωμὸν

64 1481 252 1567 ἱδρυμένους
278 1487 331 1548 καὶ
358 1476 414 1546 τὸν
435 1475 576 1569 Ὅμηρον
603 1482 754 1556 πολλάκις
782 1481 816 1549 ἐν
843 1489 883 1571 τῇ
907 1478 1012 1549 Ἰλιάδι
1035 1484 1164 1564 λέγοντα
1187 1483 1250 1548 κτλ.
1296 1486 1346 1552 De

64 1607 129 1668 qua
157 1608 194 1654 re
220 1590 402 1655 Pausanias
429 1589 502 1654 libr.
525 1590 542 1653 Ι
570 1595 659 1655 117
690 1589 708 1675 §
734 1597 750 1655 1
780 1596 908 1656 narrat:
937 1594 989 1654 καὶ
1016 1584 1074 1676 γὰρ
1101 1588 1213 1663 Αἰδοῦς
1241 1608 1346 1674 σφισιν

64 1694 349 1782 (Atheniensibus)
376 1690 482 1779 βωμός
508 1692 574 1759 ἐστι
601 1699 654 1761 καὶ
680 1693 792 1784 Φήμης
814 1701 867 1762 καὶ
886 1693 1014 1783 Ὁρμής,
1044 1703 1078 1762 11
1105 1698 1282 1764 scholiasta
1304 1700 1347 1764 ad

62 1801 272 1868 Aeschinem:
295 1795 457 1888 Ἀθήνησίν
475 1798 540 1864 ἐστι
558 1797 664 1885 βωμὸς
685 1798 797 1890 Φήμης
815 1804 923 1890 (Vat.
939 1806 1068 1869 Lana
1086 1823 1131 1868 m
1149 1804 1195 1889 q).
1227 1798 1345 1880 Ἄλλως·

63 1911 209 1987 Κίμωνος
232 1905 266 1973 ἐν
288 1907 471 1991 Παμφυλίᾳ
498 1904 679 1995 νικήσαντος
707 1914 887 1989 ναυμαχίαν
913 1913 967 1973 καί
993 1909 1191 1989 πεζομαχίαν
1215 1905 1346 1998 ὕστερον

64 2007 165 2076 αὐτοῦ
188 2008 240 2079 διὰ
262 2009 455 2101 γραμμάτων
477 2007 535 2101 τήν
558 2019 644 2101 νίκην
667 2011 875 2103 σημήναντος·
904 2010 983 2081 ὅθεν
1005 2020 1133 2100 πρῶτον
1161 2019 1214 2080 καὶ
1236 2014 1345 2102 βωμὸν

63 2124 104 2207 τῇ
129 2115 227 2210 Φήμη
252 2116 291 2194 ὡς
313 2125 383 2215 deq}
407 2114 611 2205 ἆνιδρόσανιο
635 2121 744 2207 (Vat.
768 2125 897 2189 Lana.
921 2144 947 2207 η
969 2143 1013 2188 mc
1035 2121 1080 2208 q).
1113 2122 1219 2188 Unam
1241 2125 1346 2208 igitur
1422 2188 1425 2193 ,

63 2246 154 2293 aram
182 2232 216 2294 et
244 2248 315 2294 eam
342 2222 417 2310 po'st
439 2227 595 2308 proelium
619 2228 662 2293 ad
684 2230 958 2313 Eurymedontem
986 2233 1113 2294 1466.
1142 2232 1345 2298 commissum

62 2333 185 2401 Famae
204 2335 423 2400 Athenienses
448 2341 729 2414 consecraverunt,
753 2336 808 2415 qui
826 2335 997 2401 Aeschinis
1021 2339 1131 2400 aetate
1154 2337 1225 2403 iure
1247 2339 1346 2406 maio-

62 2458 117 2506 res
139 2441 301 2507 nominari
323 2445 468 2523 possunt,
492 2433 608 2525 111τ1γν
630 2435 724 2504 πόλιν
752 2441 837 2507 idem
865 2442 1034 2525 significet,
1061 2444 1146 2523 quod
1172 2437 1245 2516 τούς
1268 2469 1346 2531 πρυ,-

61 2540 178 2626 γόνους.
226 2549 275 2614 Ob
300 2567 370 2613 eam
392 2565 461 2612 rem
483 2565 525 2611 ne
547 2547 704 2612 Isocratis
727 2547 857 2628 quidem
880 2569 924 2614 or.
948 2551 1025 2633 περὶ
1048 2543 1232 2622 ἀντιδόσεως
1258 2549 1277 2636 §
1301 2558 1342 2618 61

61 2672 123 2719 nec
153 2652 312 2719 Dinarchi
345 2672 389 2718 or.
421 2646 502 2715 κατὰ
533 2657 762 2738 Δημοσθένους
788 2651 807 2738 ξ
833 2661 871 2719 16
902 2655 1084 2735 comparari
1111 2661 1229 2737 potest.
1280 2657 1345 2724 Sed

63 2777 144 2826 eave
166 2764 262 2841 putes
284 2755 458 2843 προγόνους
480 2759 540 2823 hoc
562 2759 630 2824 loco
655 2760 694 2824 de
718 2760 864 2826 omnibus
888 2760 1024 2826 Graecis
1048 2760 1121 2839 dici,
1144 2763 1199 2842 qui
1221 2765 1343 2831 Famae

63 2884 156 2929 aram
177 2864 356 2946 posuerint,
383 2859 440 2949 τήν
463 2859 558 2927 πόλιν
590 2868 698 2930 autem
729 2871 856 2931 tantum
890 2867 930 2931 de
950 2866 1217 2934 Atheniensibus.
1261 2870 1345 2937 Nam

62 2989 135 3036 cum
158 2970 298 3036 sciamus
322 2971 419 3036 etiam
441 2970 574 3036 notione
600 2964 658 3055 τήν
685 2969 779 3035 πόλιν
806 2973 867 3037 hoe
895 2974 961 3038 loeo
990 2973 1128 3038 maiores
1158 2973 1343 3057 significari,

62 3076 97 3141 hi
129 3077 379 3143 Atheniensium
415 3076 553 3142 maiores
586 3077 704 3159 opponi
717 3130 720 3134 Δ
734 3082 899 3158 nequeunt
929 3078 1105 3144 maioribus
1138 3081 1343 3163 Graecorum,
1404 3072 1407 3077 ’

63 3183 216 3261 quoniam
246 3183 466 3248 Athenienses
501 3182 566 3263 ipsi
597 3183 716 3249 Graeci
753 3189 855 3250 erant.
914 3186 1030 3264 Itaque
1066 3186 1271 3253 Hamakerus
1308 3190 1343 3255 in

62 3289 264 3373 Mnemosyn.
282 3291 345 3358 vol.
363 3290 429 3356 VH
446 3309 476 3370 p.
496 3293 560 3352 457
579 3290 683 3354 locum
706 3289 823 3377 lpviter
847 3291 1060 3372 depravatum
1083 3297 1118 3357 et
1139 3293 1344 3361 scribendum

60 3414 134 3461 csse
157 3401 266 3477 putat:
290 3388 347 3457 κάν
369 3399 409 3481 τῇ
431 3389 525 3457 πόλει
553 3388 641 3480 ήμῶν
667 3389 741 3468 τούς
767 3391 948 3481 προγόνους,
977 3399 1062 3478 quod
1089 3418 1154 3463 una
1181 3399 1262 3464 deae
1283 3421 1344 3467 ara

59 3501 171 3583 posita
203 3501 249 3566 sit
271 3521 292 3566 a
315 3501 491 3567 maioribus
519 3500 553 3565 111
581 3503 668 3566 urbe.
720 3502 784 3567 Sed
815 3504 895 3569 haec
927 3503 1118 3585 depravatio
1151 3504 1230 3570 mihi
1261 3507 1342 3573 adeo

59 3627 126 3672 non
153 3607 286 3673 videtur
317 3606 401 3675 levis
434 3626 513 3686 1111,
546 3613 583 3673 ut
609 3609 709 3674 multo
738 3608 866 3674 facilius
895 3611 935 3674 de
963 3610 1184 3677 additamento
1208 3612 1342 3695 cogites.

59 3713 126 3778 Sed
149 3712 328 3794 quaeritru,
351 3718 461 3780 utrum
483 3717 536 3777 καὶ
558 3708 616 3800 τὴν
638 3710 732 3778 πόλιν
756 3714 901 3780 additum
926 3715 970 3779 sit
993 3734 1035 3780 an
1057 3719 1110 3779 καὶ
1133 3711 1206 3789 τούς
1229 3714 1341 3804 προγό-

58 3841 141 3891 νους.
196 3819 365 3887 Frankius
396 3820 523 3901 „minin
554 3818 669 3898 inquit,
705 3819 902 3900 „Aeschines
929 3838 1033 3901 neque
1059 3823 1161 3887 verba
1187 3826 1241 3887 καὶ
1268 3819 1342 3897 τούς

58 3921 235 4011 προγόνους
263 3927 429 3992 addidisse
457 3931 490 3991 et
517 3925 686 4011 ἱδρυμένην
714 3925 883 4007 scripsisse
911 3926 1072 3993 videtur“.
1117 3928 1165 3993 At
1192 3949 1249 3994 cur
1276 3949 1341 3996 non

58 4032 170 4115 potius
199 4034 252 4096 καὶ
274 4026 332 4117 τήν
360 4028 455 4096 πόλιν
478 4026 566 4118 ἡμῶν
593 4029 700 4097 delet?
746 4032 838 4115 Quod
866 4032 895 4097 si
921 4031 1064 4111 1111111111,
1093 4033 1230 4113 primum
1258 4035 1340 4120 ἱδρυ-

56 4144 175 4221 μένους
197 4157 263 4204 nou
286 4142 440 4217 mutatur,
463 4138 580 4203 deinde
601 4137 730 4202 facilius
753 4136 957 4220 intelligitur,
980 4138 1066 4203 unde
1085 4139 1342 4208 additamentum

57 4251 168 4311 ortum
201 4245 254 4310 sit.
307 4244 390 4310 Nam
422 4246 475 4306 καὶ
506 4237 564 4325 τήν
595 4237 690 4327 πόλιν
722 4242 799 4321 quid
832 4241 1005 4324 significet,
1043 4244 1188 4310 dubitari
1218 4247 1340 4329 nequit,

57 4356 176 4418 1111111
203 4352 234 4416 11
260 4343 334 4422 τούς
361 4344 535 4433 προγόνους
563 4348 730 4427 exstabat,
757 4347 852 4413 facile
880 4349 1011 4429 aliquis,
1039 4348 1095 4429 qui
1121 4351 1340 4423 Athenienses
