2896 4830
617 179 838 240 -12-

88 386 160 437 cum
183 391 247 436 non
267 371 309 436 ad
327 375 497 451 utramque
516 370 679 437 notionem
699 376 856 453 spectent,
880 373 1077 441 auctoritate
1096 374 1238 441 codicum
1261 377 1339 441 dd*
1349 386 1364 442 t

87 481 212 544 Baro.
236 479 331 542 Aoo.
355 476 538 542 inducenda
561 481 646 542 sunt.
692 478 958 545 Additamentum
986 487 1093 547 autern
1118 503 1138 547 a
1160 482 1307 564 margine
1330 482 1363 547 in

87 605 203 653 versus
230 583 406 666 irrepsisse
432 583 557 649 indicat
580 586 682 650 codex
704 605 737 665 q,
766 585 822 664 qui
848 585 883 650 id
910 585 944 650 in
967 587 1113 670 margine
1141 587 1296 655 servavit.
1320 627 1364 635 —

86 690 106 778 §
131 697 192 758 143
221 694 282 757 hoc
309 689 516 756 enunciatum
548 690 705 773 scriptum
737 691 897 758 videmus:
929 692 1011 773 λέγει
1038 691 1095 779 γάρ
1122 717 1188 757 που
1216 688 1364 774 Ἀχιλλεὺς

86 849 306 864 .............
333 793 381 860 ὅτι
403 790 461 883 τὴν
483 790 655 875 ὑπόσχεσιν
677 790 735 884 τὴν
757 791 839 882 πρὸς
860 792 916 862 τὸν
938 795 1064 885 πατέρα
1087 795 1142 864 τὸν
1165 796 1361 886 Πατρόκλου,

85 901 141 970 τάν
160 910 340 984 Μενοίτιον,
362 900 444 966 ἄκων
462 899 638 990 ἐψεύσατο·
662 900 913 983 ἐπαγγείλασθαι
930 899 988 992 γὰρ
1008 901 1053 970 αὖ
1059 901 1124 970 τὸν
1142 901 1363 980 είς.Ὀποῦντα

84 1017 147 1076 σῶν
171 1005 306 1087 ἀπάξειν
327 1005 393 1074 τὸν
415 1007 648 1095 πάτροκλον·
676 998 719 1098 ἦν
741 1005 807 1095 γὰρ
832 1005 1052 1093 ἀποάντιος,
1081 1013 1112 1078 εἰ
1134 1010 1364 1101 συμπέμψειεν

86 1111 183 1183 αὐτὸν
206 1116 251 1189 είς
273 1112 331 1181 τίν
357 1121 476 1204 Τροίαν
498 1119 551 1180 καὶ
574 1112 837 1203 παρακατά1οι1’
861 1112 955 1204 oriani.
993 1120 1087 1186 Libri
1108 1123 1222 1186 1111
1236 1123 1363 1186 Bari).

85 1227 182 1291 ΑΜ).
198 1245 374 1308 pronomen
393 1217 490 1287 αὐτὸν
508 1228 584 1306 post
602 1220 854 1304 ἐπαγγείλασθαι
872 1217 930 1310 γὰρ
950 1225 1128 1290 omiserunt
1147 1231 1181 1291 et
1196 1230 1225 1291 d
1241 1230 1280 1292 F
1297 1230 1364 1308 laq

85 1334 211 1397 Bari).
230 1334 326 1396 Abi).
349 1324 404 1394 τὸν
427 1325 619 1417 πάτροκλον·
644 1318 681 1414 ἧν
704 1324 761 1416 γὰρ
785 1324 957 1410 ὀποάντιος,
982 1336 1057 1413 post
1080 1326 1221 1408 ἀπάξειν.
1253 1335 1364 1401 Verba

85 1425 124 1524 ip
147 1433 204 1524 γὰρ
224 1431 399 1517 ὀπυίντιος,
419 1455 502 1517 quae
519 1437 657 1519 primum
677 1436 711 1500 in
731 1436 872 1503 editione
892 1436 1064 1503 Turicensi
1083 1441 1211 1518 absunt,
1231 1440 1364 1507 Aeschi-

85 1565 158 1611 nem
177 1564 241 1610 111
261 1544 394 1623 dixisse,
413 1544 506 1623 quod,
526 1542 555 1608 si
574 1542 756 1624 adiecisset,
775 1544 809 1609 in
823 1545 929 1626 ipsum
947 1545 1128 1624 cecidisset,
1147 1547 1232 1626 quod
1250 1547 1363 1629 paucis

85 1652 235 1719 versibus
264 1655 341 1715 1111
368 1650 403 1715 11
431 1649 640 1716 adversarios
668 1651 868 1729 coniecisset,
897 1650 1069 1718 venditare
1098 1671 1153 1717 eos
1182 1652 1363 1719 doctrinam

87 1753 126 1831 ὡς
157 1763 220 1821 τῶν
248 1759 401 1820 δικαστῶν
433 1749 573 1842 ἀνηκόων
604 1759 752 1829 παιδείας
785 1753 883 1820 ὄντων
915 1755 947 1842 (ξ
972 1759 1058 1843 141),
1090 1759 1296 1826 Hamakarus
1328 1761 1363 1826 in

85 1866 285 1947 Mnemosyn.
308 1864 370 1929 111.
384 1863 449 1929 VII
473 1884 502 1945 p.
517 1867 582 1927 458
605 1868 694 1928 recte
716 1863 848 1928 monuit.
886 1866 935 1930 Ac
957 1865 1036 1930 mihi
1058 1865 1186 1945 quidem
1208 1865 1364 1932 videntur

86 1991 125 2037 ea
148 1971 183 2036 in
205 1968 352 2053 margine
380 1969 494 2034 addita
521 1974 555 2034 et
583 1969 784 2053 negligentia
811 1971 846 2035 11
868 1973 969 2036 verba
995 1971 1089 2036 illata
1117 1990 1197 2036 esse.
1244 1972 1362 2038 Utrum

86 2082 194 2143 autem
217 2081 275 2142 aut
294 2069 391 2139 αὐτὸν
409 2080 485 2156 post
503 2072 755 2155 ἐπαγγείλασθαι
774 2080 832 2140 111
849 2069 905 2138 τὸν
923 2072 1111 2163 Πάτροκλον
1134 2083 1209 2159 post
1229 2070 1363 2153 ἀπάξειν

86 2205 129 2250 11
150 2188 302 2250 1111111
324 2183 504 2248 tollendum
525 2183 578 2261 sit,
600 2181 635 2248 in
658 2187 806 2247 extrema
829 2182 1050 2264 disputatione
1074 2203 1235 2264 quaeram.

174 2290 219 2356 Hi
243 2294 320 2354 sunt
340 2289 411 2369 ioci,
439 2289 554 2370 quibus
577 2289 612 2354 in
634 2308 753 2372 genere
776 2293 827 2354 ab
849 2288 934 2353 falsa
961 2290 1129 2373 adscripta
1151 2310 1223 2356 esse
1250 2291 1362 2371 liquet.

85 2399 134 2463 Ne
157 2402 265 2462 autem
292 2395 397 2476 iniqui
419 2396 528 2475 simus
557 2396 677 2461 addere
704 2395 783 2460 mihi
809 2397 908 2461 liceat
934 2398 1047 2476 locum,
1075 2398 1130 2463 ubi
1159 2403 1282 2463 certum
1311 2403 1362 2462 est

85 2523 188 2588 genus
212 2506 263 2568 ab
285 2507 373 2568 recte
397 2503 559 2581 exhibere,
582 2503 668 2582 quod
690 2502 761 2566 dd*
780 2501 863 2568 falso
887 2501 1081 2568 1111111-
1103 2502 1121 2589 ξ
1142 2511 1205 2569 178
1229 2504 1361 2569 Aeschi-

85 2629 144 2676 nes
168 2629 283 2675 causas
307 2607 410 2689 affert,
438 2629 495 2675 cur
522 2611 611 2693 leges
640 2611 721 2674 bene
745 2627 781 2673 se
802 2609 958 2690 habeant;
982 2602 1038 2690 ὅτι,
1062 2609 1177 2690 inquit,
1205 2604 1279 2682 τούς
1301 2610 1361 2691 μὲν

84 2713 201 2798 νόμους
223 2717 353 2779 τίθεσθ’
377 2712 434 2780 ἐπὶ
456 2719 537 2779 πᾶσι
559 2723 624 2787 τοῖς
647 2717 784 2794 δικαίοις,
808 2712 882 2779 οὔτε
904 2718 1032 2802 κέρδους
1056 2714 1133 2781 ἕνεκ’
1159 2711 1266 2780 ἀδίκου
1287 2713 1360 2780 οὔτε

85 2820 210 2910 χάριτος
237 2818 312 2886 οὔτε
340 2819 465 2907 ἔχθρας.
513 2821 607 2886 Libri
635 2825 663 2887 d
688 2824 728 2886 F
749 2825 875 2887 Barla
898 2825 994 2887 ΑΜ).
1023 2819 1097 2887 οὔτε
1125 2820 1250 2909 χάριτος
1277 2825 1361 2888 male

85 2931 384 3013 praetermiserunt,
413 2947 484 2994 oum
512 2926 546 2992 in
574 2948 706 2994 numero
735 2948 913 3008 causarum,
946 2949 964 2994 e
992 2929 1108 3009 quibus
1139 2933 1229 3013 leges
1257 2933 1362 2996 bonae

85 3037 242 3116 existunt,
269 3036 336 3115 1111,
365 3036 449 3115 quod
475 3036 565 3118 leges
588 3055 652 3101 non
675 3040 810 3118 propter
837 3036 979 3118 gratiam
1008 3036 1259 3116 constituuntur,
1287 3057 1361 3120 gra-

84 3142 220 3211 vissima
243 3142 296 3208 sit.

173 3251 243 3314 Iam
271 3248 493 3314 additamenta
518 3247 641 3330 primae
669 3248 826 3314 orationis
854 3248 1027 3331 colligendi
1049 3249 1144 3316 finem
1172 3248 1361 3328 saciacum

83 3355 166 3421 nihil
203 3355 372 3436 disputare
408 3354 609 3437 propositum
642 3355 695 3434 sit,
732 3354 809 3434 quin
845 3374 905 3436 per
942 3357 1178 3422 sententiarum
1214 3356 1359 3422 rationes

85 3460 258 3527 diiudicari
285 3460 398 3542 possit.
452 3463 524 3526 Hoc
554 3480 652 3526 unum
685 3460 825 3526 adiicere
852 3461 958 3541 11111,
990 3481 1094 3545 genus
1121 3465 1193 3527 illd
1221 3463 1360 3544 primum

84 3568 275 3651 pronomina
301 3567 413 3632 multis
440 3567 519 3633 locis
548 3568 651 3632 solum
683 3567 846 3647 exhibere,
879 3587 961 3648 quae
989 3588 1051 3648 res
1084 3588 1275 3650 quamquam
1302 3570 1360 3634 1111

84 3675 275 3758 pronomina
302 3693 405 3754 neque
433 3673 670 3739 sententiarum
697 3692 817 3738 nexum
845 3677 981 3740 turbant
1003 3680 1037 3740 et
1060 3675 1166 3754 aliquo
1190 3677 1283 3741 modo
1307 3676 1360 3741 de-

83 3780 174 3848 fendi
200 3785 345 3864 possunt,
373 3785 481 3845 tamen
511 3782 550 3845 ob
577 3779 612 3845 id
634 3779 749 3861 ipsum,
777 3781 862 3860 quod
890 3799 1119 3863 saepenumero
1147 3780 1360 3849 inveniuntur

84 3893 118 3954 et
146 3888 231 3967 quod
258 3885 276 3972 ξ
302 3893 341 3952 73
367 3892 400 3952 11
422 3885 440 3972 §
466 3892 530 3952 134
558 3879 673 3957 αὐτοὺς
701 3891 734 3951 11
762 3881 858 3950 αὐτὸν
885 3887 920 3952 11
944 3888 1015 3951 dF
1038 3907 1103 3952 non
1130 3893 1219 3953 recte
1246 3888 1360 3954 addita

84 4013 156 4061 esse
185 4013 284 4077 supra
314 3993 463 4073 vidimus
495 4013 554 4059 nos
582 3997 699 4072 movet,
731 3997 768 4057 ut
796 3998 944 4075 putemus
972 3993 1007 4057 in
1034 3993 1277 4074 pronominibus
1304 3996 1360 4059 ad-

84 4100 198 4168 dendis
221 4099 335 4184 generi
352 4103 424 4165 dir*
438 4101 533 4166 fidem
550 4100 731 4165 habendam
749 4119 812 4164 non
831 4119 912 4165 esse.
944 4099 1105 4181 Exempla
1128 4104 1235 4164 autem
1258 4098 1358 4165 affero

83 4211 175 4274 haec:
198 4205 217 4292 ξ
237 4214 292 4272 20:
315 4203 541 4294 πρεσβευσάτω
566 4189 687 4277 οὗτος
712 4209 744 4271 d
758 4208 833 4288 Ἐς]
847 4208 876 4270 b
890 4226 915 4286 q
931 4209 1056 4271 Bari).
1073 4208 1169 4271 ΑΜ).
1192 4244 1236 4253 -
1258 4203 1277 4290 ξ
1302 4212 1358 4270 65:

82 4320 130 4386 τίς
148 4310 210 4400 γὰρ
232 4308 320 4396 ὑμῶν
344 4298 452 4386 οὗτος
476 4308 527 4385 ὃςε
551 4315 761 4378 uFBaro.
774 4315 878 4392 Aoo„
900 4306 990 4394 ὑμῶν
1012 4307 1051 4384 ὃς
1072 4314 1135 4392 loq
1149 4312 1358 4398 (Bekkerus),
