2896 4830
634 243 857 303 ...20-

100 425 137 495 in
156 427 398 495 enumeratione
416 429 477 497 hoc
495 429 608 499 ordine
629 432 747 499 utitur:
770 433 826 519 τῆς
848 435 1026 514 ναυμαχίας
1048 432 1101 496 καὶ
1120 431 1183 494 τῶν
1200 435 1380 517 τροπαίων;

101 533 212 615 itaque
232 534 401 619 quispiam,
425 537 480 618 qui
500 541 698 605 structuram
716 541 889 606 verborum
906 558 971 605 non
990 537 1162 618 intellexit,
1186 537 1379 620 particulam
1417 572 1418 583 ¹

101 642 154 704 xci
177 640 284 707 sciens
307 643 514 725 interposuit.
729 666 744 687 ε
1406 648 1418 681 '³

190 747 271 813 Cum
289 750 384 831 plura
399 769 495 830 quam
510 750 608 816 attuli
626 751 859 830 additamenta,
879 751 919 816 de
938 750 1054 831 quibus
1072 768 1130 832 per
1145 748 1380 815 sententiarum
1416 836 1418 845 Ι

101 852 246 919 rationes
279 855 423 921 dubitari
454 861 603 937 nequeat,
635 855 669 922 in
698 857 845 923 oratione
874 857 1015 922 secunda
1042 876 1106 921 non
1134 860 1275 935 exstent,
1305 855 1379 935 iam,

102 960 187 1041 quod
209 960 375 1042 pollicitus
399 981 496 1043 eram,
520 965 695 1043 absolvam,
718 968 764 1043 ut,
787 968 863 1031 utra
885 981 1000 1029 manns
1023 961 1142 1028 codicis
1167 964 1206 1028 F
1223 965 1380 1044 praestet,

101 1083 265 1146 quaeram.
310 1068 359 1134 Ac
381 1067 519 1150 primum
546 1069 675 1150 quidem
702 1069 796 1135 multi
823 1068 886 1135 loci
914 1073 999 1147 sunt,
1026 1069 1083 1134 ubi
1109 1087 1172 1134 sec.
1195 1087 1309 1133 manus
1332 1087 1380 1146 ea,

102 1189 185 1251 quae
208 1172 299 1254 prior
321 1173 404 1240 falso
429 1174 546 1255 omisit,
575 1174 759 1257 adscripsit.
804 1174 964 1258 Inspicias
988 1193 1107 1255 quaeso
1130 1172 1149 1259 ξ
1173 1180 1205 1239 a:
1236 1167 1381 1255 didym,

54 1300 58 1307 ·
101 1273 165 1360 §iz
189 1279 229 1358 ‹i'3
252 1276 337 1362 §132
361 1279 396 1344 δέ
418 1282 521 1345 ταῦτα
542 1282 600 1345 τοῦ
622 1282 862 1366 Κτησιφῶντος,Ι
884 1279 970 1365 §492
994 1273 1013 1367 ἢ
1038 1279 1110 1367 (om.
1126 1280 1224 1346 etiam
1239 1280 1380 1365 elols);

101 1381 120 1470 ξ
144 1390 199 1449 66:
222 1379 312 1466 code,
334 1384 353 1471 ξ
378 1393 455 1452 116;
477 1390 531 1451 καὶ
552 1391 695 1473 Πριηνέα
719 1385 791 1472 (om.
816 1387 914 1453 etiam
937 1385 1236 1471 elelsLaur.);
1259 1383 1278 1470 ξ
1302 1392 1380 1451 1221

101 1493 154 1554 καὶ
178 1488 408 1576 διερωτώμενος
432 1492 498 1579 (καὶ
521 1495 624 1559 solum
647 1491 1008 1581 om.elols);§124:
1034 1486 1275 1575 desponsabat
1297 1487 1382 1574 μετὰ

101 1597 338 1683 Καλλίστρατον
364 1592 421 1662 τὸν
447 1592 618 1680 Ἀφιδναῖον
646 1599 722 1686 (om.
746 1600 844 1665 etiam
866 1601 922 1685 le);
950 1598 968 1685 ξ
994 1604 1070 1666 1321
1098 1593 1278 1679 μελλόντων
1306 1597 1380 1685 (om.

64 1732 67 1737 ·
102 1703 202 1769 etiam
225 1723 245 1768 e
267 1707 296 1769 Ιι
318 1709 333 1770 1
355 1705 404 1792 ε);
431 1703 450 1790 ξ
476 1710 552 1770 148;
577 1697 610 1769 εἷ
630 1705 703 1792 (om.
728 1707 827 1772 etiam
850 1726 870 1771 e
892 1709 920 1771 Ιο
942 1706 985 1791 1);
1013 1703 1032 1790 ξ
1058 1710 1134 1771 156;
1157 1707 1210 1768 καὶ
1232 1710 1380 1791 κέχρηται

101 1809 174 1896 (cm.
192 1809 292 1876 etiam
311 1812 646 1899 alcpaalmscp
668 1810 775 1897 §1572
799 1807 851 1876 aa
873 1807 971 1894 ἐμᾶς·
993 1809 1100 1896 §leoz
1123 1803 1143 1899 ἢ
1166 1820 1262 1874 ποῖον
1283 1806 1382 1892 νόμον

100 1909 198 1987 λύσας
221 1914 294 2002 (om.
318 1916 417 1983 etiam
441 1918 560 2003 elcl);
583 1915 601 2002 ξ
623 1923 699 1982 176:
722 1912 768 2004 μὴ
792 1918 865 2005 (om.
889 1918 987 1983 etiam
1011 1921 1039 1982 d
1057 1920 1086 1982 b
1104 1917 1149 2003 ι’);
1173 1917 1191 2004 ᾗ
1214 1922 1290 1982 181;
1314 1912 1381 1981 ino

101 2023 312 2104 compositum
335 2041 406 2088 eum
428 2023 602 2105 participio
625 2029 735 2104 μείνας
759 2023 831 2111 (om.
856 2025 954 2089 etiam
976 2043 997 2088 c
1019 2026 1047 2088 lc
1070 2027 1085 2088 1
1106 2024 1155 2109 s);
1178 2022 1295 2089 deinde
1319 2044 1380 2090 sec.

100 2146 215 2193 manus
239 2129 363 2194 duobus
386 2129 478 2194 loeis:
502 2127 521 2214 ξ
542 2112 604 2194 145
629 2132 669 2217 τη
691 2126 783 2218 φήμη
807 2135 840 2195 et
862 2129 881 2215 ξ
903 2135 979 2194 156;
1003 2132 1066 2193 τῶν
1088 2126 1195 2210 λόγον,
1220 2135 1257 2195 ut
1280 2150 1382 2212 supra

100 2233 248 2314 vidimus,
277 2254 359 2315 quae
387 2235 478 2317 prior
501 2235 680 2316 addiderat,
708 2242 797 2302 recte
821 2236 950 2303 delevit.
996 2238 1137 2302 Tantum
1159 2234 1177 2321 ξ
1203 2242 1265 2302 173
1289 2257 1381 2303 accu-

100 2339 242 2408 sativum
264 2335 394 2417 τοξότας
421 2341 504 2408 falso
528 2342 607 2436 mihi
629 2343 759 2410 videtur
783 2342 957 2410 addidisse.
1002 2344 1119 2423 Itaque
1141 2345 1201 2410 hoc
1223 2363 1287 2409 uno
1310 2345 1380 2409 loco

100 2451 237 2529 excepto
261 2449 405 2514 secunda
426 2434 541 2514 manus
563 2449 673 2531 priore
695 2448 807 2514 mehor
831 2454 891 2515 est.

189 2766 357 2851 Quoniam,
389 2768 545 2853 quaeda
578 2768 719 2834 secunda
752 2768 899 2836 oratione
931 2770 1126 2853 proferenda
1160 2772 1264 2849 erant,
1297 2788 1379 2835 com·

98 2877 264 2938 mentatus
288 2892 367 2954 sum,
390 2873 550 2954 reliquum
574 2883 633 2954 est,
656 2879 694 2941 ut
717 2875 756 2940 de
779 2875 880 2940 tertia
904 2877 1070 2941 disseram.
1107 2870 1158 2940 Ac
1180 2876 1285 2957 primo
1308 2876 1377 2940 loco

99 2978 198 3044 etiam
220 2979 255 3044 in
278 2981 339 3047 hac
361 2985 455 3062 parte
479 2980 711 3061 additamenta,
735 3000 817 3061 quae
841 2981 987 3048 omnibus
1012 2981 1175 3047 codicibus
1199 2981 1378 3047 communia

100 3090 185 3166 sunt,
201 3085 358 3169 colligam.
374 3124 418 3134 -
433 3084 451 3171 ξ
468 3093 508 3151 27
526 3087 703 3152 Aeschines
721 3088 761 3153 de
777 3087 858 3153 scito
874 3088 1025 3168 loquitur,
1042 3089 1127 3168 quod
1142 3089 1377 3154 Demosthenes

99 3192 140 3257 de
167 3191 268 3257 muris
296 3192 480 3258 reficiendis
507 3192 631 3258 fecerat
658 3198 692 3259 et
720 3190 875 3270 ἐπέταξεν
902 3193 1174 3280 (Demosthenes),
1201 3194 1316 3275 inquit,
1344 3191 1378 3259 ἐν

98 3299 143 3383 τῷ
167 3302 353 3386 ψηφίσματι
381 3293 495 3388 ἑκάστη
522 3301 585 3362 τῶν
608 3300 717 3382 φυλῶν
745 3299 876 3364 ἑλέσθαι
902 3293 975 3371 τούς
998 3296 1288 3386 ἐπιμελησομένους
1316 3301 1379 3364 τῶν

100 3399 196 3489 ἔργον
219 3401 285 3468 ἐπὶ
308 3399 354 3467 τὰ
376 3409 481 3491 τείχη
504 3409 557 3470 καὶ
580 3411 697 3488 ταμίας
719 3406 783 3470 κτλ.
817 3408 927 3472 Verba
950 3409 1006 3470 ἐπὶ
1028 3400 1070 3469 τὰ
1091 3410 1182 3492 τείχη
1204 3406 1377 3473 Aeschinis

99 3527 172 3575 esse
203 3515 376 3590 nequeunt.
430 3513 482 3578 Ea
513 3512 607 3592 euim,
640 3511 668 3578 si
700 3512 893 3592 retinentur,
925 3531 1058 3578 necesse
1090 3515 1141 3577 est
1173 3532 1245 3577 cum
1276 3515 1376 3580 verbo

100 3614 232 3680 ἑλέσθαι
255 3616 415 3701 coniungi,
437 3618 487 3684 ita
509 3623 547 3683 ut
569 3615 626 3682 ἐπὶ
648 3612 689 3681 τὰ
710 3605 798 3704 τείχη
821 3637 937 3683 munus
961 3618 1131 3702 significet,
1155 3619 1197 3683 ad
1215 3620 1301 3698 quod
1323 3616 1377 3684 ad·

99 3719 350 3788 ministrandum
378 3723 466 3791 cives
490 3729 652 3805 creantur.
698 3723 762 3789 Sed
784 3726 845 3789 hoc
870 3724 936 3790 iam
959 3725 1144 3790 continetur
1170 3724 1281 3791 verbis
1303 3718 1377 3796 τούς

99 3821 392 3913 ἐπιμελησομένους
413 3831 476 3892 τῶν
499 3827 602 3914 ἔργον,
626 3835 665 3895 ut
687 3830 737 3895 bis
756 3830 842 3895 idem
861 3831 996 3896 dicatur.
1041 3831 1157 3911 Itaque
1177 3830 1378 3897 additamen-

98 3936 168 3999 tum
196 3938 256 3999 est.
301 3935 495 4002 Weidnerus
528 3941 645 4016 autem,
678 3955 870 4017 quamquam
902 3937 944 4002 ad
975 3937 1077 4004 verba
1109 3936 1267 4002 eiicienda
1295 3937 1377 4003 satis

100 4059 280 4122 propensus
308 4044 367 4121 est,
400 4043 480 4107 haee
509 4062 545 4109 eo
574 4062 706 4111 servare
735 4045 853 4123 studet,
885 4048 923 4108 ut
955 4064 1013 4126 pro
1046 4040 1103 4108 ἐπὶ
1136 4043 1260 4109 scribat
1290 4046 1374 4130 περλ

101 4145 165 4212 Sed
188 4151 221 4212 et
242 4146 317 4212 huie
340 4148 545 4215 coniecturae
568 4154 601 4215 et
624 4150 680 4230 eis,
709 4170 792 4231 quae
821 4150 946 4216 codices
974 4150 1190 4230 tradiderunt,
1218 4169 1378 4232 gramma·

99 4250 186 4318 ticae
208 4254 297 4336 leges
320 4260 514 4338 repugnant,
542 4256 658 4335 quibus
681 4257 754 4322 fieri
775 4277 840 4323 non
863 4261 981 4339 potest,
1004 4264 1042 4323 ut
1063 4257 1140 4324 talis
1163 4256 1251 4322 notio
1274 4257 1378 4340 priori

94 4359 314 4440 substantive,
343 4361 480 4428 articulo
504 4362 572 4428 eius
596 4383 661 4428 non
683 4363 832 4446 repetito,
860 4365 1008 4431 addatur.
1053 4364 1161 4444 Atque
1185 4362 1284 4430 etiam
1305 4363 1378 4447 ipse

83 4470 100 4543 l
