2896 4830
617 192 816 252 ...7.„

38 352 43 472 j}
82 431 233 447 .........
257 399 339 461 qnae
358 386 544 462 sequuntur.
573 382 658 448 Sane
680 385 741 450 hoc
761 385 855 450 modo
878 381 1031 466 repetitio
1050 380 1193 448 eiusdem
1215 377 1358 447 notionis

79 486 216 555 vitatur.
248 486 313 552 Sed
334 486 513 553 Aeschines
536 507 600 553 non
623 490 761 571 quaerit,
784 490 862 572 quid
884 489 1053 555 dicendum
1075 489 1129 567 sit,
1152 486 1182 552 si
1204 486 1276 567 quis
1298 489 1359 552 hoc

81 593 215 659 crimine
244 598 423 672 accusetur,
452 594 530 675 qnid
557 594 643 661 enim
672 596 735 662 sibi
762 596 884 665 vellet?
916 596 974 662 sed
1002 595 1031 660 si
1058 594 1110 660 cui
1137 594 1197 659 hoc
1225 592 1358 660 crimine

81 705 234 767 accusato
258 698 340 765 talia
362 699 495 766 sceleris
518 700 641 766 indicia
662 703 828 784 haereant,
851 701 961 784 qualia
981 699 1091 769 verbis
1115 692 1192 763 ὅταν
1211 739 1253 748 -
1276 694 1359 785 ὑπὲρ

81 800 183 870 αὐτοῦ
215 806 431 872 continentur.
476 809 587 875 Verba
617 808 720 892 igitur
752 807 825 875 ἐπεὶ
857 802 938 894 πρὸς
970 810 1057 871 θεῶν
1085 811 1119 869 ιί
1144 808 1195 871 δεῖ
1220 844 1263 855 -
1292 800 1358 871 ἀλλ’

81 909 190 999 ἕτερος
212 906 295 998 ὑπὲρ
318 905 434 996 oriam,-
456 915 620 981 artissime
643 916 818 982 cohaerent
840 922 874 982 et
896 919 930 978 τί
950 914 1001 977 δεῖ
1020 914 1120 993 λέγειν
1142 913 1227 979 idem
1248 918 1299 978 est
1321 933 1360 980 ac

80 1023 117 1083 τί
137 1012 197 1105 χρὴ
219 1020 327 1098 λέγειν.
374 1020 423 1086 Ob
447 1039 517 1086 eam
541 1040 672 1086 eausam
694 1021 856 1105 Sauppius
879 1012 916 1106 ,ιῆ
939 1024 997 1100 τί,“
1019 1019 1133 1101 inquit,
1161 1015 1238 1106 „xpp
1260 1021 1360 1100 λέγειν

82 1125 193 1191 malim
221 1128 344 1205 abesse,
377 1145 459 1206 quae
488 1131 562 1192 orta
588 1132 698 1210 putem
727 1147 745 1193 e
775 1127 998 1211 dittograpbia
1025 1146 1142 1206 eorum,
1175 1145 1257 1208 quae
1285 1147 1315 1194 v.
1340 1133 1358 1191 3

82 1231 175 1318 (edit.
198 1231 318 1319 Turio.)
340 1233 504 1314 leguntur,
527 1233 582 1299 ubi
605 1229 664 1320 χρὴ
686 1240 737 1300 est
759 1235 794 1300 in
817 1237 846 1299 d
858 1236 897 1299 F
903 1238 957 1300 1ι.“
989 1235 1061 1317 Ego
1085 1233 1234 1315 superius
1257 1238 1291 1297 τί
1311 1234 1363 1297 δεῖ

82 1339 185 1418 λέγειν
208 1328 227 1423 ἢ
251 1331 288 1401 σι)
312 1338 413 1404 deleri
430 1339 548 1418 malim,
571 1341 708 1422 primum
727 1341 812 1422 quod
830 1341 976 1406 hocloco
996 1341 1102 1405 altera
1120 1340 1264 1406 codicum
1282 1359 1360 1421 pars

82 1438 151 1530 χρὴ,
185 1447 291 1510 altera
318 1447 368 1508 δεῖ
394 1445 535 1525 exhibet,
568 1446 684 1512 deinde
716 1447 800 1527 quod
828 1449 856 1511 d
881 1449 969 1512 Fa
997 1448 1122 1512 Bari).
1151 1448 1246 1511 Aoo.
1274 1439 1293 1533 ἢ
1322 1439 1360 1509 σι)

84 1550 249 1618 omittunt.
280 1551 515 1635 Dittographia
538 1552 635 1617 etiam
658 1552 737 1618 mihi
755 1553 984 1632 videturesse,
1008 1573 1054 1633 eo,
1077 1553 1132 1634 qui
1151 1555 1361 1636 archetypum

84 1658 228 1741 scripsit,
252 1657 478 1739 apronomine
496 1662 531 1721 τί
551 1650 686 1724 anterio
709 1660 750 1724 ad
772 1659 853 1724 illud
876 1664 952 1724 ante
971 1652 1031 1745 χρὴ
1053 1659 1154 1725 occdis
1178 1660 1361 1725 aberrante.

83 1766 241 1834 Videmus
270 1768 378 1829 autem
404 1783 524 1847 genere
548 1767 618 1830 ah*
638 1784 779 1831 errorem
803 1766 843 1831 ad
867 1767 1001 1832 verbum
1027 1770 1192 1832 servatum
1220 1783 1299 1844 esse,
1326 1765 1363 1830 in

83 1890 206 1955 genere
233 1889 312 1938 uero
342 1873 402 1949 ab,
430 1872 515 1950 quod
543 1872 645 1954 signo,
674 1891 827 1954 cumpro
850 1866 909 1959 χρὴ
932 1871 1130 1938 scriberetur
1153 1873 1204 1935 δεῖ
1224 1874 1257 1937 et
1280 1864 1299 1958 ἢ
1322 1864 1361 1935 σύ

84 1956 271 2057 adderetur,
293 1978 394 2043 uerba
417 1996 489 2042 esse
512 1983 667 2044 correcta.
695 2017 739 2026 —-
765 1977 784 2064 ξ
810 1984 870 2044 127
896 1982 1007 2044 orator
1030 1978 1173 2061 exponit,
1202 1979 1362 2044 derebus

84 2083 184 2149 mutis
207 2102 370 2163 nunquam
394 2085 521 2149 eosdem
545 2103 709 2150 sermones
736 2085 816 2165 fieri,
845 2085 902 2150 sed
925 2085 1105 2166 quicunque
1129 2104 1185 2150 eas
1208 2085 1362 2168 attingat,

85 2208 160 2255 eum
181 2209 240 2271 pro
264 2207 343 2254 suae
364 2188 470 2254 famae
492 2190 716 2272 magnitudine
734 2190 852 2257 famam
870 2192 936 2258 iliis
955 2191 1110 2257 excitare.
1133 2191 1262 2274 Pergit:
1285 2193 1363 2276 περὶ

85 2294 121 2359 δὲ
148 2288 204 2358 τὸν
230 2298 294 2357 τῶν
322 2287 504 2379 ἀνθρώπων
531 2300 601 2380 βίον
628 2299 690 2360 καὶ
716 2290 783 2359 τὸν
809 2293 921 2377 λόγον
948 2297 1012 2382 (καὶ
1042 2292 1145 2377 λόγονε
1174 2299 1203 2362 tl
1228 2300 1268 2362 F
1287 2300 1364 2377 loq

86 2404 214 2468 Baro.
232 2400 347 2486 Aoo.)
365 2403 417 2464 καὶ
439 2395 495 2474 τὰς
517 2398 648 2487 πράξεις
670 2402 737 2488 (καὶ
759 2396 814 2465 τὸν
837 2398 928 2481 λόγον
950 2408 1026 2485 post
1048 2398 1191 2490 πράξειςι
1210 2403 1238 2489 l)
1263 2396 1363 2489 ἄψευ-

86 2504 143 2594 δής
164 2529 211 2580 τις
234 2500 300 2570 ἀπὸ
322 2500 524 2587 ταύτομάτου
547 2509 709 2572 πλανᾶται
731 2503 821 2592 φήμη
844 2503 925 2571 κατὰ
947 2503 1005 2571 cio
1027 2507 1128 2574 πόλιν.
1164 2508 1250 2593 Quin
1273 2507 1362 2574 notio

85 2616 140 2678 καὶ
167 2607 223 2677 τὸν
250 2609 340 2692 λόγον
368 2613 623 2707 additamentum
652 2614 704 2693 sit,
733 2634 797 2679 non
812 2614 945 2680 dubito.
990 2615 1072 2681 Nam
1100 2622 1134 2681 et
1161 2620 1259 2681 antea
1286 2614 1363 2680 inde

87 2717 236 2806 a§123
266 2723 376 2785 orator
403 2719 438 2784 id
460 2724 588 2785 tantum
611 2720 762 2800 ostendit,
789 2720 907 2785 famam
936 2740 979 2786 cx
1006 2721 1054 2786 eis
1083 2721 1171 2801 oriri,
1200 2741 1282 2804 quae
1310 2723 1364 2787 ho-

86 2826 190 2893 mines
217 2830 327 2911 agant,
353 2846 419 2892 non
447 2845 529 2906 quae
552 2827 733 2906 loquantur,
762 2846 799 2892 ac
821 2847 863 2892 ne
885 2832 1001 2908 postea
1023 2826 1151 2908 quidem
1178 2831 1231 2891 καὶ
1254 2823 1363 2907 λόγους

86 2933 140 3000 vel
162 2933 230 2998 tahe
253 2932 330 3013 quid
353 2932 536 3016 appositum
558 2937 617 2998 est.
652 2933 817 3013 Conferas,
840 2934 925 3013 quod
942 2934 1169 3015 subsequitur:
1193 2936 1365 3015 διαγγέλλει

86 3046 153 3110 τοῖς
174 3039 306 3111 πολλοῖς
327 3034 383 3112 τὰς
405 3037 486 3112 ἰδίας
508 3035 638 3126 πράξεις
661 3044 695 3104 et
716 3039 803 3105 infra
826 3038 844 3125 ξ
870 3047 946 3106 129:
970 3042 1023 3103 καὶ
1045 3037 1166 3104 τούτων
1188 3046 1250 3105 τῶν
1273 3064 1363 3127 ποιη-

86 3140 198 3225 μάτων
206 3138 279 3217 τούς
287 3144 347 3225 μὲν
355 3139 555 3233 εὐσχημόνως
563 3141 752 3230 βεβιωκότας
762 3140 905 3233 εὑρήσετ’
915 3144 1085 3220 ἐπαινέτας
1096 3144 1187 3220 ὄντας
1194 3198 1363 3213 .............

87 3237 134 3323 οἷς
157 3246 320 3335 δάἰσχρός
342 3248 426 3316 ἐστιν
449 3247 465 3316 ὁ
488 3257 562 3337 βίος,
586 3246 624 3316 οὗ
646 3257 759 3334 τιμῶσι
781 3246 839 3339 τὴν
862 3247 941 3317 θεὸν
963 3250 1088 3340 ταύτην.
1123 3255 1230 3338 Quare
1254 3274 1364 3320 assen-

87 3356 153 3423 tior
181 3356 215 3422 O.
238 3355 386 3424 Scheibio
415 3359 503 3444 (vide
530 3360 628 3426 Jahn.
656 3360 785 3426 Annali.
808 3358 870 3426 vol.
895 3364 935 3424 35
965 3381 995 3442 p.
1021 3361 1107 3446 138),
1135 3361 1194 3440 cui,
1223 3362 1307 3440 quod
1328 3361 1363 3427 in

87 3464 160 3529 dir*
188 3461 344 3529 articulus
378 3465 547 3545 omittitur,
579 3486 645 3534 vox
670 3486 710 3532 ex
738 3466 794 3545 eie,
823 3485 905 3546 quae
934 3468 1142 3534 antecedunt:
1175 3471 1230 3551 τῆς
1263 3461 1364 3531 αὑτοῦ

88 3566 180 3657 δόξης
201 3565 293 3651 λόγον
314 3575 448 3657 παρέχει
470 3570 504 3637 in
527 3572 612 3637 hunc
633 3591 762 3639 versum
785 3572 915 3639 videtur
938 3572 1118 3657 irrepsisse.
1151 3573 1241 3657 Ergo
1265 3575 1364 3641 etiam

87 3674 241 3743 hocloco
263 3695 383 3761 genere
406 3678 753 3759 dh'additamentum
775 3677 948 3744 indicatur.

177 3784 270 3850 Haec
306 3783 529 3850 additamenta
566 3785 711 3851 omnibus
744 3790 822 3851 sunt
858 3785 1021 3852 codicibus
1054 3785 1240 3852 communia.
1294 3788 1364 3852 Iam

88 3892 295 3957 transeamus
323 3891 365 3956 ad
392 3908 438 3968 ea,
472 3889 587 3969 quibus
619 3892 757 3957 alterum
789 3882 932 3956 codicum
959 3911 1061 3974 genus
1091 3897 1276 3973 corruptum
1304 3897 1364 3973 est,

87 3996 228 4063 alterum
250 3999 397 4062 nonest.
442 3995 492 4060 Ac
519 3995 656 4077 primum
683 3997 809 4077 quidem
838 3997 942 4062 dicam
970 3998 1010 4063 de
1038 4017 1158 4081 genere
1180 4000 1256 4064 dP.
1302 3997 1366 4064 Sed
1437 4032 1445 4045 ·

88 4120 161 4167 oum
182 4102 267 4168 liber
290 4104 330 4166 F
347 4099 489 4166 secunda
512 4121 608 4167 manu
631 4104 831 4167 retractatus
854 4103 907 4183 sit,
935 4109 1012 4169 ante
1041 4105 1148 4171 omnia
1174 4106 1366 4173 monendum

88 4211 142 4272 est
169 4225 241 4272 eam
266 4205 432 4272 meliorem
460 4225 533 4272 esse
561 4226 655 4288 quam
683 4207 832 4290 priorem,
860 4229 934 4274 nam
962 4211 1065 4276 multa
1092 4211 1228 4291 quidem,
1257 4215 1367 4279 tamen

87 4330 247 4393 nusquam
264 4310 350 4379 sahso
368 4312 504 4380 addidit.
528 4313 683 4381 Conferas
703 4333 822 4397 quaeso
841 4313 949 4402 §tlh
972 4312 1210 4400 θαυμασάντων
1229 4311 1258 4381 δ’
1269 4310 1365 4399 ὑμῶν,
