2896 4830
633 139 855 198 ...18-

105 333 262 410 obsecrat,
290 335 327 396 ut
351 349 386 396 se
410 333 543 396 servent
565 348 648 396 neve
670 331 805 396 tradant
827 334 872 417 τῷ
894 327 1075 418 λογογράφῳ
1097 343 1150 396 και
1173 331 1290 422 Σκίθη,
1320 338 1380 402 hoc

105 442 157 503 est
178 437 398 504 Demostheni.
444 435 537 502 Libri
560 441 693 518 praeter
716 440 783 502 de
805 439 887 503 Flo
909 441 925 503 l
944 457 1007 518 qs
1030 441 1155 505 Barla
1179 445 1277 526 κακῷ
1301 437 1379 504 ὄντι

105 545 238 624 addunt,
270 545 355 625 quod
387 562 470 608 unns
501 544 697 609 Benselerus
729 545 874 610 retinuit.
924 544 988 610 Sed
1020 550 1139 625 orator,
1171 547 1226 627 qui
1256 546 1377 612 iudices

105 655 221 730 monet,
249 656 287 716 nt
309 656 448 719 caveant
470 651 729 729 Demosthenem,
757 650 804 716 eis
832 650 966 719 vocibus
994 671 1066 716 eum
1094 653 1237 731 denotat,
1265 652 1380 733 quihus

104 756 186 838 ipsis
218 757 308 823 notio
339 757 417 822 mali
446 757 639 823 continetur.
683 757 766 821 Nam
797 758 990 842 logographi
1021 758 1275 824 Atheniensibus
1309 758 1380 825 odio

106 868 209 943 erant,
241 868 279 928 ut
307 864 482 930 scholiasta
509 883 620 932 vocem
647 862 757 931 verbis
786 852 853 927 οἷον
881 863 1031 949 φιλοδίκφ
1063 867 1116 928 καὶ
1147 860 1382 949 κακοπράγμονι

105 975 195 1036 recte
210 970 458 1052 interpretetur,
482 974 517 1035 et
539 970 688 1054 Scythae,
711 990 904 1052 quamquam
926 971 1077 1036 hocloco
1102 971 1200 1036 etiam
1219 972 1259 1036 de
1279 973 1382 1054 stirpe

105 1077 333 1144 Demosthenis
361 1077 534 1159 cogitatur,
567 1077 655 1145 servi
682 1076 804 1160 publici
831 1082 935 1157 erant,
967 1078 1010 1142 ad
1036 1076 1243 1143 insectandos
1272 1082 1305 1145 et
1333 1098 1382 1144 oa·

106 1185 240 1268 piandos
268 1184 429 1250 maleficos
458 1184 566 1266 empti,
595 1183 651 1265 qui
673 1184 820 1266 primum,
847 1183 998 1264 quoniam
1021 1182 1118 1262 servi,
1146 1183 1271 1263 deinde,
1299 1185 1383 1264 quod

105 1290 283 1357 truculenti
306 1295 411 1369 orant,
434 1291 574 1357 Athenis
596 1292 681 1357 male
704 1290 889 1356 audiebant.
929 1290 1046 1370 Itaque
1068 1309 1088 1354 a
1111 1290 1277 1357 vocabulis
1299 1290 1382 1370 λογο-

106 1393 224 1482 γράφος
252 1401 286 1462 et
309 1393 435 1483 Σκύθης
462 1397 552 1463 notio
581 1398 666 1477 mali,
695 1416 778 1478 quae
806 1415 878 1462 oum
905 1395 953 1461 eis
980 1399 1144 1477 tamquam
1172 1397 1302 1477 coaluit,
1330 1399 1384 1463 ad-

108 1503 285 1569 ditamento
313 1506 398 1589 κακῷ
426 1500 499 1584 δντι,
528 1509 565 1569 ut
586 1504 637 1570 ita
659 1503 772 1583 dicam,
801 1501 976 1570 divellitur.
1021 1503 1131 1586 Quare
1157 1506 1258 1572 verba
1285 1504 1385 1570 inter·

107 1609 261 1692 pretandi
284 1629 383 1675 causa
406 1611 558 1693 apposita
580 1631 653 1676 esse
676 1628 800 1677 censeo.

197 1715 383 1796 Sequuntur
415 1717 478 1783 duo
510 1716 733 1783 additamenta
764 1735 919 1799 generum
951 1718 1021 1781 un*
1046 1721 1080 1781 et
1108 1719 1164 1783 alc.
1197 1755 1241 1765 -—
1277 1716 1384 1803 §145

109 1827 220 1888 orator
252 1828 404 1888 accurate
435 1824 580 1907 exponit,
612 1823 690 1903 quid
716 1824 804 1888 inter
830 1822 948 1888 famam
976 1826 1013 1888 et
1036 1829 1257 1904 coaeparatur,
1290 1844 1387 1905 quam

109 1929 229 2011 Graeci
249 1935 377 2009 vocant,
396 1928 543 1997 intersit:
562 1925 662 2016 φήμη,
683 1928 797 2010 inquit,
820 1934 880 2010 μέν
899 1925 989 2007 ἐστιν,
1015 1921 1092 1992 ὅταν
1113 1923 1151 1993 τὸ
1173 1929 1302 2015 πλῆθος
1324 1934 1386 1994 τῶν

73 2083 75 2087 <
110 2036 250 2100 πολιτῶν
274 2029 455 2116 αὐτόματον
482 2034 517 2102 ἐκ
539 2037 696 2123 μηδεμιᾶς
722 2033 913 2122 προφάσεως
941 2034 1014 2124 λε’γη
1037 2037 1093 2099 τιν’
1118 2030 1158 2108 ὡς
1180 2025 1385 2123 γεγενημένην

110 2146 241 2229 πρᾶξιν·
267 2147 462 2224 συκοφαντία
485 2144 512 2206 δ
535 2140 627 2222 ἐστίν,
652 2135 729 2205 ὅταν
751 2137 832 2227 πρδς
854 2136 928 2214 τοδς
950 2134 1090 2214 πολλοδς
1113 2132 1158 2214 εἷς
1181 2136 1259 2227 ἀνὴρ
1282 2141 1387 2206 αἰτίαν

24 2268 27 2275 ·
111 2243 258 2331 ἐμβαλὼν
282 2247 316 2313 ἐν
337 2271 373 2313 τε
396 2259 466 2322 ταῖς
488 2247 663 2336 ἐκκλησίαις
686 2242 824 2320 άπάσαις
852 2244 933 2334 πρός
954 2269 990 2311 τε
1012 2241 1071 2334 τήν
1092 2243 1211 2335 βουλήν
1233 2244 1387 2336 διαβάλλη

110 2351 186 2418 τινά
234 2357 338 2422 Fama
365 2356 477 2440 igitur,
506 2336 588 2437 quae
616 2374 676 2420 sua
703 2360 820 2438 sponte
846 2353 1002 2435 nascitur,
1031 2355 1263 2438 sycophantiae
1291 2375 1388 2437 oppo-

111 2461 210 2541 nitur,
229 2482 311 2543 quae
330 2463 376 2543 fit,
396 2464 425 2529 si
443 2462 516 2544 quis
531 2481 625 2544 quem
643 2462 730 2544 apud
748 2463 900 2543 populum
919 2466 977 2527 aut
996 2467 1145 2528 senatum
1163 2461 1387 2549 calumniatur.

111 2568 201 2634 Nihil
227 2569 331 2653 igitur
359 2570 457 2636 alteri
483 2564 555 2636 cum
584 2570 690 2634 altera
718 2587 882 2634 commune
910 2572 970 2648 est,
999 2569 1084 2649 quod
1110 2568 1290 2634 Aeschines
1316 2568 1388 2651 ipse

112 2675 222 2743 verbis
246 2677 339 2741 dicit:
367 2671 457 2761 φήμη
484 2675 545 2757 μὲν
572 2669 630 2760 γὰρ
652 2669 690 2739 ori
712 2683 855 2739 κοινωνεῖ
880 2674 1018 2762 διαβολή,
1047 2668 1178 2760 διαβολή
1200 2677 1227 2738 δ’
1251 2668 1387 2756 ἀδελφόν

113 2779 254 2847 ἐστικαὶ
278 2787 480 2864 συκοφαντία.
525 2785 647 2857 Tamen
672 2781 749 2846 libri
777 2801 797 2846 e
819 2784 847 2847 lc
870 2784 885 2846 l
907 2800 928 2846 s
956 2786 989 2847 et
1016 2802 1064 2864 pr.
1091 2784 1130 2846 F
1154 2786 1307 2864 pergunt:
1336 2781 1390 2844 καὶ

112 2893 152 2976 τῇ
174 2889 235 2971 μέυ
257 2884 348 2977 φήμη
371 2890 508 2974 δημοσίᾳ
530 2885 656 2969 θάομεν
680 2882 719 2960 ὡς
741 2891 818 2973 θεῷ,
846 2892 891 2975 τη
914 2887 949 2952 δέ
972 2884 1075 2976 φήμη
1098 2891 1161 2950 τῶν
1184 2891 1390 2968 συκοφαντῶν

115 2989 154 3067 ὡς
176 2991 354 3079 κακοάργαυ
373 2997 510 3081 δημοσίᾳ
532 2989 693 3082 προβολάς
715 2990 911 3075 ποιούμεθα.
940 2994 1027 3078 Quin
1049 2993 1211 3077 posterius
1234 2997 1274 3080 τῇ
1297 2989 1390 3080 φήμη

114 3103 284 3169 delendum
302 3101 355 3180 sit,
377 3121 442 3167 non
462 3101 593 3167 dubium
612 3108 671 3181 est,
694 3121 754 3167 nec
772 3101 878 3166 minus
898 3105 1020 3166 certum
1043 3106 1095 3166 est
1115 3101 1220 3166 locum
1243 3101 1390 3165 consulto
1427 3114 1429 3120 ⁴

115 3213 302 3290 corruptum
330 3227 410 3287 esse,
438 3227 508 3273 cum
535 3208 699 3290 particula
722 3206 764 3287 δὲ,
793 3206 933 3286 quaein
956 3207 1074 3273 ceteris
1097 3207 1190 3274 libris
1217 3205 1305 3271 inter
1327 3209 1389 3268 τῶν

115 3320 150 3382 et
173 3317 377 3396 συκοφαντῶν
400 3318 520 3394 exstat,
543 3315 577 3379 in
599 3314 652 3380 his
674 3313 760 3379 inter
782 3317 822 3400 τη
846 3317 879 3378 et
901 3308 993 3400 φήμη
1016 3312 1212 3396 interposita
1235 3311 1288 3378 sit.
1329 3313 1392 3378 Re

115 3421 221 3504 petita
243 3425 352 3486 autem
375 3424 427 3486 est
448 3420 507 3487 illa
528 3441 595 3488 vox
618 3422 659 3487 ab
682 3420 800 3500 aliquo,
823 3419 878 3500 qui
901 3419 1086 3502 genetivum
1104 3424 1168 3482 τῶν
1187 3421 1392 3500 συκοφαντῶν

116 3548 160 3594 ex
182 3527 349 3611 superiore
372 3526 482 3594 dativo
509 3531 550 3614 τῇ
573 3523 665 3615 φήμη
692 3525 987 3608 pendereopinatns
1016 3530 1074 3592 est.
1106 3563 1150 3572 —
1181 3522 1200 3610 ἕ
1225 3530 1287 3591 156
1316 3527 1392 3606 post

116 3637 218 3705 verba
240 3628 415 3719 rupicapris
437 3639 526 3706 νέους
548 3634 583 3700 in
605 3632 699 3699 libris
723 3652 743 3697 e
763 3635 792 3698 h
809 3634 871 3697 lcl
895 3633 1004 3697 Πίον.
1032 3635 1066 3696 et
1088 3652 1136 3714 pr.
1162 3634 1201 3697 F
1224 3632 1307 3698 illud
1329 3634 1393 3694 τῶν

116 3740 215 3823 λόγον
236 3741 411 3824 repetitum
435 3746 495 3822 est,
518 3741 603 3822 qnod
624 3740 659 3804 in
682 3738 849 3822 superiore
871 3757 970 3806 versu
991 3738 1055 3803 iam
1078 3737 1114 3803 in
1137 3740 1314 3823 archetypo
1338 3738 1391 3803 ad·

118 3851 220 3917 ditum
237 3849 339 3915 fuisse
358 3867 458 3931 supra
477 3848 521 3934 (p.
534 3848 588 3934 16)
606 3846 755 3915 uidimus.
796 3846 876 3910 Tam
895 3846 1070 3910 absurdum
1091 3845 1241 3911 mendum
1262 3851 1392 3910 tantum

116 3954 320 4042 negligentia
342 3957 497 4021 nascitur.
521 3992 564 4002 -
587 3953 787 4036 Quamquam
809 3949 828 4037 ἕ
854 3957 915 4017 173
939 3951 1118 4017 Aeschines
1141 3957 1175 4017 et
1197 3955 1394 4036 τριακοσίους

118 4059 246 4135 Σκύθας
268 4059 456 4147 ἐπριάμεθα
475 4066 509 4128 et
527 4062 723 4146 τριακοσίους
745 4053 903 4134 τοξότας
924 4050 1052 4128 Σκάθας
1074 4054 1261 4144 ἐπριάμεθα
1285 4057 1395 4123 dicere

118 4165 248 4245 τοξότας
269 4173 465 4255 τριακοσίους
488 4161 623 4245 ausu,
651 4169 761 4231 tamen
785 4183 894 4231 omnes
918 4163 1043 4229 codices
1066 4168 1200 4246 praeter
1223 4184 1251 4230 α
1266 4182 1286 4227 ο
1300 4166 1329 4227 h
1344 4166 1395 4228 lo

119 4276 234 4360 potuit,
257 4282 295 4343 ut
318 4281 369 4344 est
391 4274 426 4342 in
449 4274 570 4341 Andoc.
594 4292 639 4340 or.
661 4273 713 4339 D]
735 4269 754 4358 ξ
779 4275 815 4356 5:¹
838 4273 950 4338 Rom.
974 4274 1008 4337 et
1030 4290 1078 4353 pr.
1105 4272 1144 4335 F
1158 4264 1288 4345 τοξότας
1310 4267 1395 4336 falso

83 4404 147 4512 ἱ
