2896 4830
125 434 200 511 post
222 430 324 495 verba
346 423 469 515 Λιβύης
491 420 578 510 ἐγγὺς
600 419 682 491 εἶναι
705 428 800 494 delet.
838 428 916 494 Cum
934 427 1046 511 igitur,
1069 429 1195 510 siquid
1214 433 1400 497 structurae

125 536 365 601 accomodatum
385 539 444 614 est,
462 535 497 600 id
516 533 649 600 consilio
669 553 740 599 cum
753 533 862 602 verbis
882 533 1093 621 1111111111,
1105 554 1178 600 1111
1193 555 1260 627 non
1277 540 1398 602 temere

125 659 257 707 censere
268 643 448 720 debeamus,
464 640 650 723 priusquam
661 658 782 723 genera
792 640 1084 705 additamentorum
1094 640 1231 723 singulis
1242 641 1399 708 classibus

125 746 359 825 attribuuntur,
391 746 512 812 indicia
540 746 780 826 conquirantur,
813 744 928 826 quibus
957 750 1080 811 certum
1112 751 1169 811 aut
1197 752 1288 813 certe
1318 748 1401 814 1111-

82 834 86 841 ’
125 851 318 918 simillimum
342 858 402 933 est,
425 852 492 919 utri
515 853 613 919 classi
636 853 765 935 singula
787 851 1011 917 additamenta
1034 853 1274 919 adnumeranda
1297 854 1374 920 1111.

213 959 268 1023 Ac
295 959 471 1025 dubitari
498 959 648 1040 nequit,
677 959 768 1039 quin
796 958 873 1024 loci
901 958 1186 1025 additamentis
1213 980 1287 1026 non
1315 981 1401 1026 con-

125 1065 231 1131 sulto
255 1064 434 1147 corrupti
458 1064 552 1130 sint:

213 1172 243 1237 I:
276 1170 311 1237 si
339 1171 461 1253 primo
491 1172 629 1236 obtutu
661 1171 834 1236 mendum
867 1189 1000 1236 errore
1028 1171 1230 1237 scribendi
1257 1170 1402 1239 iactum

126 1296 212 1344 esse
234 1278 370 1357 liquet.
392 1352 403 1367 ,

212 1385 259 1448 H:
284 1383 318 1448 si
340 1383 393 1463 id,
416 1382 516 1463 quod
539 1381 713 1447 additum
736 1386 809 1461 est,
833 1401 904 1462 quo
928 1383 1144 1464 pertineat,
1167 1384 1399 1451 nullomodo

124 1488 387 1573 intelligitur,
412 1493 479 1554 aut
501 1487 536 1553 si
559 1507 601 1553 eo
625 1492 828 1554 structura
850 1490 1044 1555 turbatur.

213 1596 277 1661 ni:
310 1595 344 1661 si
371 1613 463 1662 voce
491 1593 675 1676 apposita
708 1592 788 1659 alia
814 1595 1151 1661 voxdeclaratur
1183 1599 1250 1660 aut
1278 1597 1400 1662 corri-

124 1701 241 1785 gitur.
278 1702 389 1781 Neque
407 1700 492 1765 enim
507 1700 675 1780 quisquam
689 1699 992 1782 interpretationem
1011 1701 1116 1767 sciens
1135 1701 1169 1767 in
1187 1704 1290 1770 verba
1308 1701 1400 1783 quasi
1424 1774 1427 1779 ,

123 1807 263 1886 infercit,
286 1812 324 1872 ut
346 1807 527 1890 tautologia
549 1806 616 1873 fiat.

213 1914 273 1980 IV:
298 1912 332 1978 si
355 1914 486 1978 eadem
510 1913 647 1995 spuria
668 1933 743 1981 vox
765 1911 805 1977 in
824 1911 915 1977 11111
936 1911 1137 1979 codicibus
1155 1914 1262 1980 inter
1279 1917 1399 1983 verba

123 2018 342 2098 invenitur,
369 2019 408 2083 in
437 2019 530 2085 aliis
559 2039 676 2101 super
703 2037 857 2087 versum
879 2023 948 2083 aut
968 2018 1007 2083 in
1030 2019 1219 2102 margine3
1247 2058 1291 2067 -
1320 2041 1397 2100 cunr,

124 2126 210 2206 quod
233 2143 330 2207 super
348 2144 477 2191 versum
496 2125 605 2190 autin
623 2124 771 2207 margine
793 2128 912 2203 exstat,
935 2122 1031 2188 111111
1053 2124 1088 2189 in
1105 2126 1206 2191 verba
1229 2125 1399 2209 scriptoris

123 2230 259 2312 irrepat,
288 2229 428 2314 cogitari
454 2236 563 2297 autem
590 2233 731 2311 nequeat
758 2230 931 2311 quidquam
954 2248 972 2294 e
993 2230 1103 2296 verbis
1127 2230 1191 2297 alio
1214 2232 1399 2299 transferri

212 2338 255 2404 V:
279 2335 314 2401 si
340 2355 412 2416 qua
434 2337 544 2403 notio
573 2337 612 2402 in
639 2335 862 2415 enunciato,
890 2336 981 2417 quia
1009 2336 1145 2402 deesse
1173 2338 1398 2420 videbatur,

124 2442 261 2508 addita
282 2443 424 2508 iterum
445 2443 485 2508 in
508 2442 684 2526 margine
707 2443 879 2508 eiusdem
901 2442 997 2508 libri
1020 2448 1167 2522 exstat,
1190 2448 1233 2508 ut
1255 2445 1398 2511 scholii

123 2550 245 2615 locum
276 2554 421 2616 teneat.
479 2550 590 2628 Neque
629 2548 714 2614 enim
746 2549 922 2630 quisquam,
959 2547 989 2614 si
1020 2548 1275 2616 additamentum
1307 2551 1398 2633 prius

124 2653 279 2736 affuisset,
303 2655 467 2735 scholium,
491 2674 552 2735 quo
575 2653 660 2721 idem
683 2655 811 2734 dicitur,
835 2653 1078 2737 adscripsisset;
1102 2655 1154 2720 sin
1177 2659 1287 2721 autem
1310 2658 1399 2723 scho

123 2761 201 2827 liurn
232 2763 323 2844 prius
356 2763 480 2840 aderat,
512 2760 564 2826 cui
591 2761 725 2827 eandem
753 2761 916 2827 notionem
946 2761 1138 2829 inversum
1165 2762 1333 2829 insinuare
1364 2764 1399 2829 in

124 2873 265 2933 mentem
287 2867 400 2935 venit?

212 2975 414 3039 Postremo
438 2992 481 3039 11
502 2973 773 3039 additamenta
796 2974 922 3056 priori
941 2973 1293 3055 classitribuerim,
1317 2976 1399 3056 qni·

123 3081 193 3146 bus
221 3079 329 3144 notio
352 3079 579 3146 continetur
602 3099 677 3146 non
699 3082 845 3146 absona
867 3080 938 3145 illa
960 3079 1112 3159 quidem
1135 3082 1182 3145 ab
1204 3081 1400 3147 instituta

122 3185 200 3252 loci
231 3185 357 3251 totius
386 3188 601 3266 sententia,
634 3187 699 3252 sed
727 3205 824 3266 quae
853 3184 945 3250 11111
975 3204 1022 3250 ex
1050 3186 1180 3251 causis
1208 3186 1307 3252 ferri
1335 3208 1400 3254 ne-

123 3297 240 3373 queat
262 3310 398 3371 neque,
427 3310 493 3358 cur
516 3292 691 3373 cuiquam
714 3294 851 3358 deesse
873 3291 960 3359 1111
984 3290 1050 3370 111,
1078 3291 1233 3358 facilem
1255 3294 1400 3361 habeat

123 3398 372 3481 explicatum.
413 3399 507 3463 Talia
530 3399 614 3465 enim
637 3399 869 3476 additamenta,
892 3417 963 3463 cum
985 3397 1074 3462 11111
1096 3398 1280 3481 corrigendi
1300 3419 1400 3467 causa

123 3524 188 3570 non
203 3508 370 3586 appareat,
384 3523 449 3569 non
458 3504 630 3570 Aeschinis
644 3506 816 3571 verborum
829 3502 1104 3570 restituendorum
1119 3524 1217 3570 causa
1232 3505 1400 3588 adscripta

124 3629 197 3676 esse
219 3615 319 3692 patet,
343 3610 401 3691 sed
423 3615 481 3676 aut
499 3631 520 3676 a
537 3610 684 3693 margine
701 3610 737 3675 in
755 3611 857 3677 verba
874 3609 1047 3693 irrepsisse
1065 3614 1123 3677 aut
1142 3612 1211 3676 sola
1229 3613 1400 3694 voluptate
1428 3598 1431 3603 ¹

123 3714 258 3781 fallendi
288 3717 329 3781 ab
361 3715 470 3796 aliquo
500 3717 588 3783 inter
618 3719 720 3785 verba
751 3717 947 3798 interposita
978 3735 1058 3782 esse.
1107 3717 1306 3800 Quamquam
1338 3718 1400 3785 hoc

124 3822 263 3887 alterum
285 3820 405 3887 iactum
429 3842 501 3889 esse
524 3843 602 3891 1111
621 3823 806 3905 suspiceris,
829 3822 894 3888 nisi
912 3827 1101 3904 argumento
1125 3824 1264 3904 probare
1282 3824 1400 3905 possis.

123 3928 205 3993 Nam
228 3931 265 3992 ut
288 3946 385 4010 saepe
406 3928 484 3995 libri
507 3931 548 3995 ab
570 3930 751 3996 hominibus
770 3929 1005 4011 posterioribus
1023 3928 1166 4010 priorum
1184 3927 1399 4011 scriptoribus

124 4038 267 4099 aetatum
297 4041 535 4116 supponuntur,
562 4036 612 4100 ita
639 4036 809 4102 admodum
837 4056 913 4101 raro
937 4034 1058 4118 singuli
1079 4034 1154 4115 loci,
1183 4033 1341 4101 siminus
1364 4036 1400 4102 in

124 4139 281 4221 poematis
308 4144 344 4205 11
371 4140 406 4206 in
435 4142 594 4222 oratione,
622 4147 689 4208 tam
716 4141 922 4207 fraudulento
950 4142 1042 4207 modo
1071 4145 1334 4222 corrumpuntur,
1362 4148 1400 4209 ut

124 4246 207 4312 hanc
238 4248 374 4313 fallendi
405 4247 571 4313 libidinem
603 4247 793 4314 existimare
821 4247 993 4314 debeamus
1021 4248 1134 4332 procul
1165 4245 1301 4329 afuisse,
1333 4248 1400 4317 nisi

123 4351 190 4418 alia
212 4359 405 4438 argumenta
426 4373 494 4421 rem
518 4353 716 4422 confirment.

81 4440 127 4554 ἱ
