2858 4838
523 173 743 234 ,qq-

57 365 229 431 iitamenta
243 370 378 431 exstant
388 364 458 451 (eis,
473 384 556 445 quae
566 365 712 430 omnibus
722 364 816 430 libris
827 365 1006 430 eommunia
1015 372 1100 447 sunt,
1111 367 1271 455 exeeptis)

593 491 650 584 nn

724 579 766 592 ..·-—-''
770 579 807 592 2-

538 595 544 733 i
630 634 678 696 r·
860 651 900 696 a:

64 1092 294 1158 utdubit·et1u
391 1096 1130 1159 .1213-13-3
1210 1097 1229 1156 3

83 1200 174 1264 Η666
197 1199 313 1281 igitur,
341 1202 378 1263 ut
400 1197 512 1279 paucis
537 1199 817 1279 eomprQelnendam
845 1196 1035 1277 quaestione
1057 1215 1108 1261 me
1130 1196 1221 1263 illust
1207 1202 1272 1264 t·ra

57 1325 81 1370 16
110 1306 307 1387 putaverim:
335 1303 472 1386 primum
500 1304 535 1368 in
564 1304 672 1369 codiee
698 1306 737 1367 F
762 1304 935 1368 secundam
965 1303 1143 1368 orationem
1165 1304 1272 1370 minus

57 1433 88 1477 m
111 1413 146 1477 in
165 1412 284 1478 ueteris
302 1410 396 1475 libris
415 1410 646 1475 additamentis
665 1412 877 1491 depravatam
896 1429 976 1489 esse,
1000 1410 1116 1475 deinde
1135 1409 1273 1492 primam

57 1518 213 1601 ligentius
237 1518 392 1598 scriptam
415 1535 509 1596 quam
531 1517 566 1582 in
589 1517 697 1582 eodiee
721 1537 756 1595 a,
779 1516 912 1581 tertiam
934 1515 1153 1599 negligentius
1176 1535 1272 1596 quam

60 1625 224 1690 codicibus
254 1644 281 1688 a
309 1627 342 1686 et
370 1641 403 1702 63
436 1623 493 1687 sed
521 1625 667 1688 eonsrdto
693 1621 728 1688 in
755 1622 837 1688 libro
865 1624 903 1687 F
928 1622 1064 1704 primam
1093 1621 1272 1687 orationem

57 1750 99 1795 us
122 1749 217 1810 quam
240 1729 274 1795 in
299 1749 325 1793 a
348 1728 550 1809 inquinatam
573 1748 653 1808 esse,
676 1728 809 1793 tertiam
832 1733 940 1793 autem
963 1747 1027 1793 nou
1050 1728 1153 1811 magis
1176 1746 1272 1808 quam

56 1856 83 1899 (ι
112 1842 145 1900 61
172 1836 277 1900 minus
306 1855 401 1915 quam
428 1835 464 1898 in
491 1853 525 1914 63
558 1835 694 1916 denique
721 1834 756 1899 in
785 1835 925 1899 secunda
954 1832 1102 1899 oratione
1125 1833 1272 1900 oodide

57 1942 121 2007 nino
145 1942 214 2006 1616
238 1943 371 2006 eandem
394 1941 623 2006 auctoritatem
645 1940 850 2007 tribuendam
874 1959 946 2006 esse
969 1944 1066 2021 atque
1090 1938 1272 2005 66166111-

57 2078 61 2111 1
84 2051 102 2113 o·
125 2046 233 2112 codiee
257 2067 277 2111 6
300 2047 494 2112 deteriorem
511 2046 626 2114 rideri.
658 2049 826 2113 Postremo
845 2050 906 2113 hoo
923 2045 1109 2124 monuerim,
1132 2045 1190 2111 illa
1208 2046 1271 2111 duo

57 2153 127 2218 silio
150 2152 239 2218 faeta
262 2153 485 2218 additamenta
506 2152 582 2218 libri
603 2157 641 2219 11
655 2155 760 2219 minus
779 2153 896 2237 gravia
914 2173 986 2219 esse
1005 2172 1099 2233 quam
1118 2152 1272 2233 pleraque

57 2278 89 2323 us
114 2260 227 2324 elassis
249 2260 284 2325 in
308 2259 471 2325 codicibus
496 2280 523 2324 a
546 2266 580 2324 et
602 2280 630 2325 6.
671 2261 786 2339 ltaque
810 2259 950 2325 Cobetus
973 2279 1038 2325 non
1060 2262 1158 2337 16616,
1182 2261 1271 2324 66116

57 2367 79 2430 (1
111 2366 231 2431 attinet
263 2368 304 2430 ad
336 2364 572 2444 additamenta,
603 2365 721 2431 librum
751 2368 789 2431 F
811 2365 1042 2446 nequissimum
1068 2368 1103 2430 et
1130 2362 1269 2429 omnium

57 2471 202 2538 errimum
225 2491 297 2537 esse
320 2471 503 2539 affirmauit.
