2896 4830
582 247 803 310 ..15-

55 441 170 525 legiae,
194 460 275 522 quae
294 440 381 506 inest
398 440 508 508 uerbis
531 436 565 503 ε’-ν
587 444 632 526 τῷ
657 444 840 526 ψηφίσματι
862 446 937 523 post
955 445 1137 529 παρρησίας,
1162 440 1330 505 delendam
1403 424 1408 433 ’

56 568 128 614 esse
155 549 349 614 Marklaudo
378 547 540 613 assentior
568 551 601 612 et
629 547 775 628 suspicor
807 547 986 629 quempiam
1018 549 1078 612 hoc
1110 547 1331 612 additamento

10 686 13 709 =
55 655 202 721 iudicare
228 654 371 722 voluisse
399 658 583 742 παρρησίαν,
612 673 708 734 quam
717 653 850 727 ¹Graeci
875 658 1003 732 vocant,
1030 653 1065 718 id
1092 652 1197 735 ipsum
1220 653 1330 732 fuisse,

10 754 13 789 ²
56 762 84 827 si
107 761 333 840 Athenienses,
362 780 444 841 quae
467 759 648 842 petiissent,
677 762 806 826 decreto
835 760 1090 827 constituissent.
1136 761 1214 826 Cum
1243 760 1332 824 addi-

10 850 12 959 s
55 873 234 934 tomentum
261 869 357 933 ninus
388 869 534 949 ineptum
563 867 615 946 sit,
647 870 751 933 locum
782 887 847 931 non
875 866 1008 932 consilio
1037 872 1222 949 corruptum
1251 885 1331 945 esse,

57 976 115 1039 sed
136 994 246 1041 vocem
269 975 304 1039 in
326 974 473 1056 margine
496 974 735 1056 interpretandi
758 992 856 1038 causa
876 974 1045 1039 exstitisse
1064 971 1256 1058 λιμοί-ξ
1269 979 1349 1038 156·

10 1154 17 1161 ,
57 1086 168 1147 orator
184 1080 307 1147 iudices
327 1082 492 1159 admonet·
505 1080 620 1161 quibus
639 1080 765 1145 artibus
779 1080 1013 1145 Demosthenes
1033 1082 1074 1145 ad
1088 1080 1331 1147 commovendos

57 1187 181 1252 animos
204 1187 403 1252 erudientium
426 1187 476 1251 uti
499 1188 610 1252 soleat.
656 1187 745 1270 Quae
769 1191 858 1251 artes
881 1186 916 1251 in
939 1187 1101 1252 codicibus
1124 1172 1339 1252 nominantur¹

56 1299 164 1374 τέχναι
191 1299 263 1357 τῶν
291 1289 414 1372 λόγων,
466 1293 530 1357 Sed
557 1296 650 1374 patet
678 1313 742 1358 nou
771 1295 810 1359 de
838 1296 1011 1361 verborum
1039 1295 1178 1358 solorum
1206 1293 1332 1358 artibus

56 1401 209 1466 hocloco
232 1400 425 1466 Aeschinem
449 1399 602 1482 cogitare,
631 1420 701 1464 oum
725 1418 781 1465 eas
804 1400 853 1465 ita
876 1401 1029 1482 explicet:
1060 1394 1099 1472 ὡς
1122 1395 1334 1483 ἐπιδακρύσας

57 1510 110 1571 καὶ
137 1500 195 1594 τὴν
219 1501 354 1572 Ελλάδα
382 1501 635 1591 κατοδυράμενος
662 1509 714 1570 καὶ
742 1502 883 1592 Σάτυρον
911 1501 966 1569 τόν
993 1500 1128 1587 κωμικόν
1160 1499 1334 1592 ὑποκριτὴν

57 1619 314 1735 προσεπαινέσας
329 1662 676 1677 ....................
692 1615 787 1676 ταῦθ’
807 1609 944 1685 ὑποθεὶς
963 1611 1100 1677 ἐπεῖπεν
1118 1608 1334 1692 εντειυάμενος

57 1716 177 1806 ταύτην
200 1714 258 1805 τὴν
280 1713 385 1796 ὀξεῖαν
408 1723 460 1783 καὶ
484 1712 609 1782 άνόσιονΙ
629 1714 737 1807 φωνὴν
760 1719 823 1782 κτλ.
868 1721 984 1801 Itaque
1007 1720 1124 1800 aliquis
1146 1719 1181 1784 id
1203 1720 1335 1787 Videtur

59 1827 225 1893 addidisse
247 1827 457 1892 reminiscens
479 1829 651 1892 verborum
675 1846 718 1891 or
733 1828 750 1890 Ι
770 1821 915 1910 §1171
902 1850 918 1889 ο
941 1820 997 1899 τὰς
1019 1831 1087 1888 τῶν
1104 1821 1202 1906 λόγον
1225 1831 1336 1905 τέχνας

10 1946 13 1951 “
58 1929 391 2014 κατεπαγγελλόμενος
412 1927 486 2004 τούς
508 1938 598 2004 νέους
620 1927 782 1996 διδάσκειν.
811 1972 855 1980 -
882 1930 901 2017 ξ
926 1938 988 1997 169
1017 1932 1196 1998 Aeschines
1220 1952 1335 1998 causas

10 2100 16 2123 ,
59 2039 164 2121 affert,
193 2061 250 2107 cur
277 2045 351 2122 post
378 2059 520 2122 pugnam
548 2042 634 2121 apud
656 2041 819 2122 Tamynas
847 2040 966 2105 factam
995 2039 1133 2104 Athenis
1162 2044 1335 2104 coronatus

10 2162 15 2231 ξ
60 2147 114 2213 sit.
149 2148 238 2231 Quas
261 2147 388 2213 codices
410 2147 459 2210 aa
482 2146 649 2211 exhibent:
673 2142 730 2232 τήν
752 2168 788 2208 τε
812 2151 898 2232 νίκιΙν
921 2150 975 2232 τῆς
997 2140 1121 2217 πόλεως
1145 2138 1337 2225 ἀπαγγείλας

10 2236 18 2377 Ι
60 2277 114 2318 και
140 2255 316 2334 Τεμενίδου
345 2258 402 2316 τοῦ
430 2275 485 2340 της
507 2254 714 2323 Πανδιονίδος
741 2248 908 2339 ταξιάρχου
935 2255 988 2315 καὶ
1016 2247 1336 2339 συμπρεσβεύσαντος

10 2380 22 2505 Ι
62 2354 128 2425 άπὸ
151 2362 370 2447 στρατοπέδου
393 2381 449 2438 μοι
472 2360 560 2443 δευρί
582 2361 644 2422 καὶ
666 2381 707 2421 τα
729 2353 783 2444 (τά
807 2380 865 2424 cnr.
889 2379 916 2423 (ι
938 2380 964 2442 μ
986 2379 1031 2424 νιν
1052 2360 1090 2445 ν)
1113 2361 1189 2444 περὶ
1213 2353 1267 2422 τὸν
1290 2380 1336 2438 γε·

10 2463 195 2547 νόμενον
221 2468 370 2545 aindoma,
400 2453 465 2536 οἷος
488 2451 526 2550 ἦν
555 2458 807 2545 ἀπαγγείλαντος.
853 2467 920 2530 Par
922 2466 1053 2531 ticulam
1076 2468 1128 2528 καὶ
1151 2470 1226 2547 post
1249 2467 1337 2551 δευρὶ

62 2575 231 2640 delendam
259 2592 331 2638 esse
359 2572 431 2651 quis
460 2571 603 2652 estqui
630 2576 736 2654 neget,
765 2578 936 2654 postquam
964 2575 1065 2641 verba
1088 2572 1223 2654 Sauppii
1246 2572 1337 2655 legit,

61 2679 118 2761 qui
140 2678 247 2762 Epist.
271 2679 341 2743 crit.
366 2679 407 2743 ad
431 2678 510 2743 God.
534 2679 643 2743 Herm.
666 2699 696 2760 p.
722 2685 785 2743 lae
812 2681 968 2760 „altera“,
992 2678 1106 2759 inquit,
1133 2697 1251 2758 „causa
1272 2698 1337 2744 non

60 2787 142 2851 haee
164 2788 246 2864 erat,
270 2787 355 2865 quod
374 2785 564 2849 Temenides
588 2789 622 2849 et
645 2804 715 2850 oum
733 2786 895 2852 Aeschine
918 2789 1064 2852 Athenas
1088 2785 1180 2853 venit
1203 2789 1237 2850 et
1260 2804 1337 2864 rem,

61 2911 124 2972 quo
152 2893 245 2957 modo
274 2896 370 2975 gesta
397 2897 493 2970 esset,
522 2892 697 2970 enarravit,
727 2895 784 2958 sed
807 2895 892 2973 (γοοδ
920 2892 1119 2971 Temenides
1148 2892 1203 2973 qui
1231 2892 1337 2956 tribus

60 2997 274 3065 Pandionidis
296 2998 487 3063 taxiarches
510 2996 573 3061 fuit
596 3002 723 3064 etcum
746 3000 907 3065 Aeschine
930 3001 1078 3065 Athenas
1101 3004 1245 3077 venerat,
1269 3017 1337 3063 rem

17 3166 20 3171 .
61 3105 256 3171 enarravit.“
297 3107 421 3171 Vocula
443 3103 594 3186 apposita
617 3110 675 3183 est,
699 3108 783 3185 quod
807 3111 973 3172 structura
996 3126 1061 3172 non
1083 3105 1336 3188 intelligebatur.

61 3211 218 3276 —Idem
246 3211 414 3275 dicendum
443 3215 494 3276 est
523 3212 562 3275 de
590 3211 751 3292 particula
778 3216 840 3276 καὶ
868 3211 886 3298 §
913 3219 973 3278 177
1003 3213 1113 3279 verbis
1140 3206 1177 3275 τὸ
1200 3212 1260 3292 μὲν
1282 3216 1338 3296 τῆς

62 3318 275 3403 δημοκρατίας
298 3318 361 3380 κτλ.
386 3317 582 3398 praeposita.
629 3319 732 3401 Qruam
756 3319 783 3384 si
812 3339 883 3384 cum
907 3320 1068 3385 codicibus
1098 3326 1132 3384 et
1159 3320 1336 3384 Benselero

60 3423 249 3502 retinemus
277 3422 415 3504 primum
441 3426 543 3490 verba
566 3421 584 3508 ξ
610 3430 670 3487 177
700 3428 733 3489 et
761 3423 779 3509 ξ
805 3430 867 3489 178
897 3426 1061 3491 artissime
1090 3426 1337 3508 coniunguntrm,

61 3549 254 3612 quamquam
281 3527 300 3614 ξ
325 3535 387 3594 177
417 3529 482 3595 aha
508 3549 562 3595 res
591 3535 762 3610 tractatur,
790 3531 856 3596 alia
883 3530 901 3616 ξ
928 3537 1004 3611 178;
1032 3533 1066 3597 111
1093 3532 1151 3597 illa
1179 3531 1263 3596 enim
1291 3531 1338 3596 in-

61 3635 175 3715 iuriae,
202 3655 283 3715 quas
306 3636 355 3701 rei
377 3636 525 3717 publicae
547 3637 692 3702 homines
720 3637 797 3702 mali
819 3637 1007 3718 intulerant,
1036 3643 1275 3717 enumerantur,
1303 3638 1338 3702 in

60 3743 123 3808 hac
145 3746 263 3821 autem
287 3761 367 3821 quas
391 3744 547 3808 Aeschini
569 3744 684 3809 inferri
707 3745 828 3811 volunt.
874 3744 1000 3810 Deinde
1023 3750 1099 3826 part
1085 3744 1185 3809 ticrda
1208 3747 1259 3808 aod
1283 3765 1338 3827 ap-

62 3842 375 3931 postmanente
398 3850 458 3929 μὲι
480 3855 535 3936 τῆς
558 3852 767 3936 δημοκρατίας
791 3846 878 3931 ὄνομ’
895 3844 940 3914 ον’
962 3861 1027 3924 τοῖς
1051 3847 1170 3976 νἸλλεσιν,
1197 3844 1276 3913 ἀλλὰ
1297 3854 1338 3937 τῇ

61 3956 211 4038 κολακείᾳ
239 3951 485 4038 θεραπεύοντες,
513 3952 722 4027 καταλύοντες
749 3956 783 4020 δε
810 3979 867 4041 τνΙν
890 3953 1022 4083 ειρνΙννΙν,
1052 3956 1071 4045 ᾖ
1101 3952 1195 4044 ἡδιμ
1182 3963 1338 4042 μοκρατία

30 4081 33 4089 ’
61 4057 201 4141 σώζεται,
226 4057 501 4141 συναγωνιζόμενοι
524 4063 559 4126 δε
581 4071 646 4135 τοῖς
669 4064 828 4143 πολέμοις,
853 4061 889 4139 εξ
911 4063 953 4127 ὡν
976 4059 993 4127 ὁ
1017 4066 1115 4149 δῆμος
1137 4060 1337 4144 καταλύεται,

61 4186 145 4249 quae
168 4168 211 4232 ad
234 4167 379 4248 publicas
402 4187 455 4233 res
480 4174 637 4251 spectant,
661 4169 802 4251 privatis
825 4171 996 4237 Aeschinis
1021 4177 1137 4237 anneot
1123 4175 1246 4282 tuntur
1290 4172 1339 4237 Ne

30 4316 33 4321 -
60 4274 165 4359 igitur
189 4272 390 4340 dubitaretis
414 4274 523 4339 stilum
545 4280 682 4341 vertere.

30 4368 35 4377 ’
150 4381 244 4446 Haeo
271 4384 348 4444 sunt
375 4379 597 4446 additamenta
625 4383 665 4447 ab
695 4381 842 4448 omnibus
869 4383 963 4451 libris
990 4385 1128 4467 tradita;
1160 4388 1340 4465 sequnntur
