2896 4830
627 196 826 256 „4-

85 388 144 450 aut
166 383 391 469 coniungenda
414 391 491 452 sunt
514 404 584 451 oum
607 386 718 455 verbis
741 386 771 450 oi
794 383 898 467 νόμοω
922 393 958 453 at
981 389 1070 470 leges
1093 409 1158 454 non
1177 393 1254 454 sunt
1273 390 1313 454 de
1330 409 1367 456 re

84 492 222 574 publiea,
246 491 304 558 sed
327 493 367 557 de
391 492 594 572 educatione
618 498 675 557 aut
699 512 769 558 oum
792 493 901 560 verbis
922 487 962 565 ὡς
981 490 1094 573 ἔχουσι.
1127 497 1180 560 Ita
1199 495 1366 561 Soheibius

84 597 120 664 in
147 598 244 665 Jahn.
273 599 401 665 Annall.
429 601 491 668 vol.
521 603 561 663 35
591 619 621 681 p.
648 604 709 664 125
739 604 935 666 structuram
963 599 1106 684 intelligi
1128 602 1207 681 vult,
1237 620 1309 667 oum
1337 602 1367 666 οἱ

84 700 176 786 νόμοι
198 707 353 792 περὶτῆς
375 700 500 777 πόλεως
524 705 588 770 diei
610 726 675 771 non
697 706 810 787 possit,
835 710 892 772 sed
914 712 1041 777 tantum
1069 708 1099 771 οἱ
1121 703 1214 788 νόμοί
1237 707 1267 771 οἱ
1289 713 1367 795 περὶ

83 816 139 898 τῆς
162 808 292 892 πόλεως,
322 817 356 878 et
383 810 480 877 affert
507 813 609 878 verba
636 812 788 892 Frankii,
817 813 872 894 qui
899 814 1004 880 locum
1026 814 1074 879 ita
1097 814 1253 897 explieat:
1285 810 1366 896 „quo

84 920 177 984 modo
201 918 289 985 eirea
312 918 478 987 eivitatem
503 937 537 984 se
561 920 703 984 habeant
721 919 742 984 i.
763 939 788 984 e.
812 939 874 1000 quo
893 922 986 986 modo
1007 920 1136 988 civitati
1155 920 1366 1002 prospiciant,

84 1045 180 1106 quam
208 1025 383 1091 utilitatem
412 1024 542 1093 civitati
569 1025 720 1090 habeant.
770 1011 844 1090 Hoo
869 1025 976 1108 ipsum
1004 1046 1082 1094 vero
1110 1032 1221 1092 orator
1249 1027 1366 1092 deinde

84 1130 249 1214 exponit.“
285 1132 408 1196 Tamen
427 1129 606 1195 Aeschines
630 1130 929 1197 ve1·bisusus..n0n
954 1136 1013 1197 est.
1050 1132 1259 1212 Neminem,
1283 1152 1366 1213 quae

84 1241 272 1319 sequuntur,
300 1236 405 1303 minus
434 1237 474 1301 de
501 1235 646 1301 utilitate
675 1236 767 1316 dicit,
796 1256 892 1316 quam
913 1237 990 1303 illae
1012 1239 1101 1320 leges
1124 1239 1267 1303 habeant
1289 1239 1366 1307 eivi-

84 1345 156 1424 tati,
180 1363 275 1425 quam
299 1343 425 1409 omnino
450 1361 505 1406 eas
524 1344 625 1407 bonas
646 1361 725 1408 esse.
758 1343 918 1424 Inspicias
938 1362 1057 1423 quaeso
1077 1341 1095 1428 ξ
1118 1348 1171 1408 14:
1196 1349 1365 1431 σκέψασθε

84 1446 125 1525 δη
153 1446 192 1523 ὡς
219 1451 327 1529 καλῶς,
358 1436 382 1510 ὦ
409 1442 572 1535 Ἀθηναῖοι,
602 1448 713 1522 ζῶντος
739 1449 798 1529 μὲν
828 1443 927 1512 αὐτοῦ
956 1443 1138 1535 ἀφαιρεῖται
1169 1444 1226 1536 την
1261 1447 1366 1538 ὄνησιν

53 1563 56 1569 '
83 1563 139 1643 της
157 1559 372 1637 παιδοποιίας,
390 1549 495 1642 ὥςπερ
509 1552 626 1626 ἐκεῖνος
645 1559 703 1619 τοῦ
717 1551 832 1628 παιδὸς
851 1549 908 1618 τύν
923 1561 1112 1643 παρρησίαν,
1132 1552 1365 1628 τελεντνῗσαντα

14 1724 17 1729 .
85 1667 111 1729 δ
123 1658 227 1744 αὐτὸν,
252 1658 322 1750 ηνίχ
346 1657 362 1725 ὃ
385 1663 444 1743 μὲν
473 1655 734 1748 εὐεργετούμενος
762 1656 862 1726 οὐκέτ’
893 1658 1081 1727 αἰσθάνεται
1110 1647 1152 1725 ὧν
1176 1651 1212 1727 εὐ
1240 1659 1365 1744 πασχει,

83 1777 215 1853 τιμᾶται
238 1773 264 1834 δ
285 1764 301 1833 ὃ
320 1765 414 1850 νόμος
437 1771 489 1833 καὶ
508 1762 545 1832 τὸ
563 1772 663 1848 θεῖον,
687 1764 829 1832 θάπτειν
848 1765 907 1855 ἤδη
928 1765 1051 1833 κελεύει
1069 1772 1121 1833 καί
1140 1758 1240 1834 τᾶλλα
1260 1780 1366 1834 ποιεῖν

83 1873 125 1942 τὰ
146 1873 344 1958 νομιζόμενα.
392 1876 477 1960 Quid
499 1878 560 1942 hoo
586 1877 655 1941 looo
680 1877 719 1941 de
746 1876 892 1941 utilitate
920 1860 1051 1944 civitati
1072 1877 1222 1958 praebita
1245 1877 1366 1942 dietum

85 1984 157 2051 est?
204 1982 359 2049 Conseras
388 1982 487 2047 etiam
515 1981 533 2066 ξ
558 1988 608 2061 20,
637 1980 655 2066 ξ
680 1986 731 2060 24,
759 1980 777 2065 ἕ
801 1988 853 2061 28,
876 1980 895 2065 ξ
920 1988 970 2047 36.
1022 1983 1178 2048 Omnibus
1205 1983 1256 2047 his
1285 1984 1366 2048 loeis

85 2096 196 2158 orator
227 2089 391 2156 notionem
422 2089 523 2160 καλῶς
554 2089 680 2170 legibus
712 2087 842 2167 tribuit,
876 2108 1034 2168 nusquam
1060 2091 1137 2174 περὶ
1164 2092 1219 2175 τῆς
1241 2085 1366 2160 πόλεως

84 2199 138 2266 uel
170 2196 293 2278 aliquid
323 2195 418 2261 huius
451 2194 537 2260 modi
570 2193 670 2259 addit.
725 2195 863 2259 Tantum
896 2214 959 2259 uno
991 2195 1061 2260 loeo
1093 2192 1111 2279 ξ
1143 2201 1181 2259 11
1215 2196 1365 2279 legimus:

85 2297 102 2367 ὃ
126 2307 304 2389 νομοθέτης
326 2296 462 2388 ηγησατο
484 2295 538 2363 τὸν
562 2302 662 2372 καλῶς
685 2305 846 2385 τραφέντα
869 2302 959 2363 παῖδ’
984 2296 1081 2385 ἄνδρα
1105 2296 1273 2381 γενόμενον
1295 2298 1366 2387 χρη-

85 2427 177 2492 σιμον
200 2407 332 2473 ἔσεσθαι
355 2412 400 2496 τῇ
422 2404 543 2471 πόλει.
577 2407 641 2472 Sed
663 2406 852 2490 gravissimi
875 2413 953 2472 sunt
974 2407 1024 2472 illi
1044 2407 1108 2472 loei
1130 2405 1148 2492 ξ
1173 2412 1228 2472 37;
1252 2403 1366 2494 ἐπειδὴ

85 2518 162 2602 περί
184 2520 247 2579 τῶν
269 2511 374 2596 νόμων
398 2514 507 2603 εἴρηκα
531 2520 564 2580 et
586 2511 605 2598 ξ
631 2519 706 2578 196;
735 2510 863 2587 ἐδίδαξα
886 2506 959 2584 τούς
982 2508 1104 2599 νόμους,
1129 2514 1185 2578 ubi
1208 2533 1254 2593 ea,
1284 2534 1366 2593 quae

84 2621 123 2709 ἓξ
147 2629 254 2688 9-36
279 2626 425 2688 tractate
448 2624 532 2700 sunt,
556 2619 668 2702 pauois
692 2619 1014 2702 comprehenduntur.
1055 2620 1126 2685 Non
1145 2619 1248 2702 igitur
1271 2640 1366 2700 quam

84 2729 183 2795 utiles
207 2729 345 2808 ciuitati,
370 2729 427 2794 sed
451 2726 578 2794 omnino
602 2746 697 2807 quam
719 2727 823 2791 bonae
846 2725 915 2790 sint
936 2726 1035 2808 leges,
1059 2730 1171 2791 orator
1194 2727 1366 2791 ostendere

84 2838 164 2905 vult.
209 2835 322 2902 Etiam
343 2834 519 2900 Dahmsius
542 2833 579 2918 (J
581 2835 653 2898 ahn.
676 2833 806 2897 Annall.
829 2833 890 2898 vol.
916 2831 972 2918 93)
999 2831 1035 2910 in
1062 2831 1113 2896 his
1135 2832 1246 2898 verbis
1271 2832 1366 2898 offen·

86 2943 136 3009 dit
159 2948 201 3023 et,
231 2943 316 3023 quod
338 2961 403 3007 non
425 2939 591 3023 intelhgit
623 2941 709 3004 unde
732 2957 772 3004 ea
795 2942 868 3003 orte
887 2937 967 3018 sint,
994 2932 1068 3009 τούς
1090 2934 1207 3017 νόμους
1229 2942 1285 3010 τίς
1308 2936 1365 3001 πό-

85 3052 163 3123 λεως
191 3049 291 3116 scribi
318 3049 398 3127 vult,
431 3052 470 3113 ut
496 3045 533 3131 ἓξ
560 3051 599 3111 18
629 3049 663 3110 et
692 3051 742 3124 39,
771 3045 826 3110 ubi
853 3039 927 3116 τούς
955 3041 1070 3125 νόμους
1093 3082 1136 3090 —
1159 3049 1214 3123 τῆς
1242 3041 1366 3117 πόλεως

86 3161 206 3222 exstat.
251 3155 315 3221 Sed
337 3155 373 3219 in
394 3154 446 3219 his
469 3151 507 3238 ἓξ
530 3151 657 3218 omnino
686 3152 725 3216 de
753 3150 880 3234 legibus
908 3151 957 3215 rei
984 3150 1132 3232 publioae
1155 3150 1274 3233 agitur,
1302 3149 1321 3235 ξ
1345 3158 1365 3215 8

86 3269 194 3330 autem
222 3263 262 3328 de
289 3261 355 3327 illis
382 3260 509 3344 legibus
537 3258 701 3340 prioribus
729 3255 766 3342 ἓξ
789 3257 853 3322 iam
880 3256 981 3322 notis:
1011 3256 1043 3320 οἳ
1069 3265 1189 3320 κεῖνται
1211 3259 1287 3342 περὶ
1310 3262 1351 3345 τη

86 3364 254 3450 εὐκοσμίας
276 3373 339 3431 τῶν
360 3369 487 3430 παίδων
509 3369 572 3429 των
594 3358 764 3449 ἡμετέρων,
795 3360 908 3427 ἔπειτα
937 3359 1084 3449 δεύτερον
1107 3357 1181 3435 τούς
1204 3366 1280 3448 περὶ
1303 3369 1366 3427 των

85 3479 264 3562 μειρακίων,
293 3478 399 3560 τρίτον
423 3474 449 3536 δ’
469 3469 584 3553 ε’φεξύς
606 3465 680 3542 τούς
701 3472 779 3555 περὶ
801 3473 864 3533 τῶν
888 3466 991 3534 ἄλλων
1014 3464 1146 3556 ἡλικιῶν,
1171 3474 1208 3533 ut
1230 3474 1285 3542 τίς
1307 3467 1364 3532 πό-

85 3584 164 3654 λεως
187 3598 462 3664 supervacaneum
485 3577 537 3643 sit.
588 3578 658 3661 Quo
681 3596 758 3645 vero
781 3576 853 3641 iure
874 3576 1069 3642 Weidnerus
1093 3575 1267 3641 coniecerit
1289 3578 1366 3662 περὶ

85 3693 142 3769 τῆς
164 3683 367 3773 σωφροσύνης
389 3689 429 3771 τῇ
451 3680 554 3764 πόλει,
578 3704 642 3750 non
665 3685 768 3752 video.
806 3683 896 3766 Quae
920 3682 1006 3748 siin
1029 3683 1138 3748 oodioe
1158 3683 1365 3762 invenissem,

84 3793 332 3877 interpolatoris
365 3811 437 3858 esse
469 3791 653 3873 suspicatus
686 3809 798 3855 essem.
852 3787 1118 3855 Additamentum
1150 3794 1259 3855 eutem
1289 3789 1366 3854 inde

9 3900 16 3909 ”
86 3902 217 3971 ridetur
239 3900 362 3966 fastum
385 3917 465 3978 esse,
493 3899 579 3978 quod
602 3896 728 3978 aliquis,
757 3896 812 3976 qui
839 3915 939 3976 supra
965 3894 1058 3977 legit:
1086 3888 1159 3966 τούς
1187 3890 1310 3975 νόμους,
1335 3894 1367 3956 οἳ

86 4017 205 4073 κεῖνται
227 4008 304 4091 περὶ
326 4009 381 4090 τῆς
408 3997 577 4084 εὐκοσμίας
588 4053 732 4066 ........
745 3995 819 4073 τούς
841 4003 917 4084 περὶ
945 4004 1008 4063 τῶν
1035 4006 1205 4086 μειρακίων
1216 4051 1364 4065 ........

86 4109 160 4187 τούς
182 4114 259 4198 περὶ
281 4116 345 4175 τῶν
369 4107 470 4175 ἄλλων
494 4103 626 4190 ίλικιῶν,
656 4111 716 4174 hoo
742 4110 811 4174 looo
835 4107 940 4173 simile
963 4107 1086 4187 aliquid
1118 4108 1270 4174 omissum
1293 4126 1365 4172 esse

87 4220 218 4305 putavit
241 4224 282 4299 et,
311 4238 382 4285 oum
408 4217 558 4297 nesciret,
586 4216 664 4297 quid
691 4215 812 4282 rectius
841 4215 984 4294 adderet,
1012 4215 1180 4297 uulgarem
1201 4213 1366 4280 notionem

57 4330 164 4417 1περὶ
195 4331 251 4414 της
282 4322 406 4397 πόλεως
438 4323 598 4407 apposuit.
654 4322 809 4389 Conferas
841 4341 887 4387 or.
918 4322 971 4387 HI
997 4318 1016 4405 ξ
1045 4325 1119 4399 207,
1151 4319 1208 4385 ubi
1240 4319 1365 4385 codices
