2896 4830
593 222 815 281 ..11-

67 413 109 478 ad
136 412 217 478 God.
244 413 353 479 Herm.
381 433 411 495 p.
438 419 498 479 1λὸ
528 418 595 478 λκιο
624 414 711 478 clare
739 412 974 479 demonstravit
1005 412 1198 495 particulam
1225 404 1283 496 γὰρ
1310 416 1344 476 et

11 558 16 571 ·
65 521 168 585 verba
190 515 287 599 νόμον
310 514 449 602 ἐθήκατο
473 514 580 583 καινὸν
604 520 741 584 delenda
763 538 843 597 esse,
872 524 909 583 ut
931 538 1040 583 omnes
1065 519 1206 584 editores
1230 522 1344 599 postea

10 614 16 723 ‚-
65 624 101 690 in
123 626 258 690 eandem
281 625 477 691 sententiam
500 625 622 693 iverint
645 629 679 690 et
701 644 770 690 rem
792 628 973 690 retractare
997 643 1271 706 supervacaneum
1291 624 1343 688 sit.

10 782 14 815 ,
65 732 137 797 Hoc
163 750 262 796 unum
289 733 406 797 addam
437 734 539 799 verba
571 752 649 797 casu
679 731 714 797 in
741 750 856 798 uersus
883 731 1037 796 incidisse
1069 751 1115 810 eo,
1148 731 1240 811 quod,
1273 751 1343 796 cum

10 820 14 915 s
64 838 153 904 inter
178 840 279 905 verba
306 837 447 919 margini
473 838 640 921 adscripta
669 842 847 916 exstarent,
876 858 896 902 a
923 837 1057 902 librario
1085 857 1144 918 pro
1172 836 1343 902 Aeschinis

10 928 12 937 ¹
64 945 175 1013 verbis
197 943 311 1010 habita
333 948 411 1009 sunt
433 949 466 1009 et
490 945 661 1011 coniuncta
684 964 754 1010 cum
778 942 1001 1023 αἰσχυνθέντες
1024 948 1058 1008 et
1081 963 1151 1008 cum
1170 940 1342 1029 ἐκκλησίαν,

10 1048 12 1113 ἓ
65 1072 148 1131 quaa
175 1070 327 1118 versuum
355 1052 574 1132 proximorum
603 1051 757 1119 videntur
784 1051 886 1115 fuisse
914 1055 1069 1115 extrema.
1119 1051 1231 1129 Neque
1259 1050 1344 1116 enim

65 1159 234 1237 quisquam
276 1159 374 1222 talem
410 1156 715 1238 interpretationem
751 1157 994 1239 grammaticam
1032 1156 1164 1221 consitio
1203 1163 1237 1221 et
1273 1158 1344 1222 sola

63 1264 200 1331 fallendi
222 1263 356 1328 libidine
378 1263 487 1330 verbis
511 1263 641 1329 intexit.
665 1303 708 1310 —
730 1261 749 1348 ξ
774 1268 835 1328 116
861 1263 986 1328 codices
1010 1266 1038 1327 cl
1054 1265 1092 1327 pr
1108 1266 1233 1329 Boou.
1249 1265 1343 1328 Abla

63 1372 272 1437 tradiderunt
296 1364 377 1450 ὑμᾶς
396 1391 429 1432 νε
453 1369 625 1454 βουλοίμην
650 1362 687 1432 ἀν
710 1359 757 1441 οἷς
780 1363 838 1449 ἐγώ
857 1369 962 1449 μέλλω
980 1370 1080 1449 λέγειν
1099 1375 1266 1455 προσέχειν
1284 1363 1343 1454 τὴν

63 1475 190 1563 γνώμην
214 1476 325 1560 (etiarn
345 1478 373 1539 lu
387 1476 425 1560 (γ)
448 1478 501 1538 καὶ.
523 1476 783 1560 παρακολουθεῖν
807 1469 966 1556 εάμαθῶς,
992 1476 1093 1540 ceteri
1116 1482 1237 1541 autem:
1261 1471 1343 1557 ὑμᾶς

63 1606 99 1648 τε
128 1583 302 1669 βουλοίμην
331 1574 369 1643 ἀν
397 1574 450 1666 (ἀν
477 1600 499 1647 ο
528 1582 649 1667 omisit)
679 1576 838 1646 ἀκοῦσαν
866 1579 920 1663 ἀφ’
949 1570 995 1652 οἷς
1023 1577 1081 1661 ἐγώ
1108 1583 1213 1663 μέλλον
1241 1580 1343 1663 λέγειν

63 1692 127 1753 καὶ
150 1683 315 1773 προςέχεκν
337 1681 393 1749 τὸν
418 1692 490 1751 νοῶν
512 1691 565 1752 καὶ7
588 1689 848 1773 παρακολουθεῖν
872 1682 1033 1768 εάμαθῶς.
1060 1688 1230 1755 Notionem
1249 1691 1343 1757 verbi

64 1789 197 1859 ἀκοῦσαι
219 1795 282 1859 iarn
308 1795 467 1859 contineri
490 1796 599 1861 verbis
627 1792 791 1879 προςὲχεκν
818 1789 873 1857 τὸν
901 1799 976 1857 νοῦν
1003 1797 1055 1857 καὶ
1083 1796 1343 1880 παρακολουθεῖν

64 1896 219 1983 εὐμαθῶς
241 1922 299 1983 per
323 1920 358 1965 se
381 1906 486 1981 patet,
510 1901 629 1979 itaque,
653 1922 723 1966 curn
744 1903 885 1981 accedat,
909 1903 993 1981 quod
1018 1895 1142 1964 ἀκούειν
1165 1898 1221 1965 ἐπὶ
1244 1896 1343 1982 λόγους

63 2028 130 2074 non
159 2008 288 2085 dicitur,
316 2025 435 2089 genere
463 2009 532 2070 1111
556 2006 738 2072 affirmante
766 2011 868 2075 rerba
896 2001 1026 2071 ἀκοῦσαί
1054 2004 1103 2088 ἐφ’
1133 2012 1240 2072 etant
1269 2015 1343 2090 post

63 2112 167 2194 λέγειν
193 2115 337 2179 tollenda
365 2116 449 2177 sunt.
495 2112 610 2177 Ortum
639 2120 747 2179 aunem
776 2134 847 2179 esse
874 2115 991 2181 uitium
1020 2133 1037 2179 e
1064 2112 1083 2199 ξ
1109 2122 1180 2193 117,
1209 2135 1273 2180 non
1295 2115 1343 2179 in-

63 2221 188 2304 telligo,
212 2240 269 2285 cur
291 2217 473 2284 Schultzius
498 2219 649 2299 opinatus
674 2220 726 2286 sit.
754 2222 865 2300 Neque
889 2221 973 2285 enim
998 2221 1126 2299 sufficit,
1150 2223 1234 2301 quod
1257 2222 1342 2286 forte

63 2327 98 2393 in
122 2346 163 2392 ea
185 2324 204 2411 ξ
227 2320 329 2389 ἀκούω
353 2325 507 2403 sequitur.
553 2325 635 2389 Mihi
663 2326 823 2408 quispiam
853 2320 981 2389 ἀκοῦσαι
1009 2327 1139 2393 ridetur
1169 2328 1342 2407 acididisse,

62 2439 99 2499 ut
127 2436 211 2499 bene
238 2433 451 2513 responderet
474 2430 531 2510 ais
560 2451 641 2510 quae
669 2434 878 2498 antecedunt:
907 2429 1046 2513 ἐμαυτόν
1068 2435 1094 2495 τ’
1118 2432 1240 2515 εἰπεῖν,Ι
1266 2434 1342 2499 inde

63 2540 164 2605 etiam
188 2537 387 2621 praepositio
412 2534 461 2617 ἐφ’
485 2542 566 2602 nata
588 2537 696 2603 fuerit.
742 2541 913 2619 Utcumque
936 2558 1013 2607 vero
1038 2559 1073 2605 se
1095 2560 1148 2604 res
1172 2542 1280 2619 irritat,
1308 2539 1343 2604 id

10 2678 12 2687 ·
63 2646 148 2725 quod
173 2645 340 2727 superiore
368 2646 436 2708 loco
465 2663 530 2708 non
558 2644 733 2710 verisimile
762 2652 842 2722 erat,
870 2647 1025 2710 hocloco
1054 2646 1260 2711 manitestum
1282 2652 1342 2726 est,

10 2748 12 2839 J
63 2753 213 2817 consrdto
238 2751 351 2833 spuria
373 2752 474 2817 verua
497 2749 584 2815 veris
607 2749 770 2815 inculcata
795 2770 874 2816 asse.
894 2790 937 2797 -
960 2749 1053 2835 §138
1074 2754 1175 2819 rerba
1194 2757 1341 2818 exstant:

10 2902 13 2945 3
62 2857 92 2920 oi
111 2850 170 2943 γὰρ
189 2855 328 2942 πατέρες
356 2850 449 2941 ἡμῶν,
476 2849 527 2918 ὅθ’
550 2849 631 2941 ὑπὲρ
650 2861 712 2918 τῶν
730 2853 993 2942 ἐπουηδευμάυων
1011 2861 1064 2921 καὶ
1083 2863 1146 2920 τῶν
1165 2856 1200 2922 ἐκ
1219 2854 1343 2940 μύσεως

10 2974 13 2991 ¹
62 2957 241 3043 ἀναγκαίων
260 2967 381 3026 κακῶν
400 2965 461 3025 καὶ
481 2956 633 3041 ἀγαθῶν
652 2959 874 3043 ἐνομοθέτουν,
896 2959 999 3035 ἀαοῖς
1018 2960 1200 3049 ἐλευθέροις
1220 2959 1341 3048 ἡγοῦνά

62 3062 146 3133 εἶναι
174 3067 330 3155 πρακτέα,
362 3072 465 3131 ταῦτα
493 3077 559 3138 τοῖς
587 3063 708 3138 δούλους
737 3063 878 3132 ἀπεῖπον
905 3064 950 3154 μη
979 3080 1092 3133 σκοπεῖν.
1149 3072 1239 3153 Quinc
1266 3069 1342 3135 libri

63 3178 92 3239 d
121 3176 161 3241 F
184 3184 201 3239 t
228 3178 354 3239 Baro.
378 3175 472 3238 sibl).
501 3174 667 3238 omittunt:
700 3179 802 3237 κακῶν
830 3179 881 3238 καὶ,
911 3170 1040 3255 ἀγαθῶν
1068 3176 1106 3260 (q
1133 3176 1168 3240 in
1195 3177 1342 3258 nnmgine

62 3281 263 3366 adscripsit),
288 3280 455 3345 Scheibius
479 3280 589 3365 (Jahn.
605 3280 734 3344 Aunrdl.
749 3283 810 3346 roi.
828 3287 868 3344 35
893 3303 922 3362 p.
941 3283 1026 3367 139),
1050 3283 1133 3360 ‹pruod
1157 3281 1342 3362 explicandi

62 3408 163 3453 eausa
187 3387 339 3468 apposita
362 3405 435 3451 esse
455 3386 638 3464 videantur,
666 3385 757 3449 uncis
785 3388 856 3452 vult
878 3387 1007 3465 includi,
1035 3388 1241 3452 Hamakerus
1264 3409 1342 3455 vero

61 3494 279 3581 (Mnemosyn.
302 3494 364 3559 vol.
387 3493 452 3558 VH
475 3513 504 3573 p.
529 3492 608 3576 458)
632 3492 727 3555 deiet.
755 3493 788 3554 Is
812 3497 985 3571 ,‚rete1·es“,
1008 3492 1123 3572 inquit,
1148 3488 1205 3572 ,τὰ
1228 3490 1262 3557 ἐκ
1285 3491 1342 3576 ου’-

60 3618 140 3671 σεως
165 3594 327 3679 ἀναγκαῖα,
356 3599 391 3663 in
415 3598 530 3677 (paribus
559 3598 637 3661 nihil
663 3602 714 3661 est
736 3597 812 3661 boni
835 3600 887 3663 rel
910 3598 995 3676 rnali,
1019 3619 1081 3664 non
1107 3600 1212 3663 solent
1235 3601 1342 3681 appel-

10 3716 12 3721 '
60 3697 314 3771 1οι·οκακάκαὶ
338 3697 446 3783 ἀγαθὰ
474 3705 531 3768 sed
555 3703 745 3784 simpliciter
767 3696 808 3764 κά
832 3697 1010 3782 ἀναγκαῖαι.
1057 3706 1160 3787 Quium
1183 3706 1343 3771 rationem

60 3832 127 3879 non
150 3812 261 3893 probo.
294 3811 408 3874 Nonne
431 3809 516 3873 enim
539 3828 657 3886 coruunt,
680 3828 762 3887 quae
785 3815 904 3874 natma
926 3810 1113 3874 necessaria
1136 3817 1220 3891 snut,
1244 3813 1343 3876 etiam

59 3922 194 3985 veteres
223 3914 288 3979 alia
317 3917 441 3980 occidte
469 3913 535 3979 alia
563 3915 669 3994 palam
699 3917 849 3997 agebant,
877 3921 974 3996 prout
1002 3916 1087 3979 acala
1115 3923 1173 3979 aru
1196 3919 1281 3982 bonu
1304 3938 1343 3984 ea

10 4017 13 4089 ἶ
59 4042 134 4091 esse
158 4020 368 4088 sentiebant?
396 4022 517 4085 Tamen
540 4038 581 4083 ne
604 4039 664 4102 ego
688 4022 815 4099 (paridem
833 4023 935 4087 verba
953 4018 1153 4085 retinuerim.
1181 4025 1235 4088 Ita
1258 4024 1343 4090 enim

10 4114 13 4183 ἶ
59 4136 97 4195 ut
111 4128 225 4211 posita
240 4131 327 4206 sunt,
346 4127 434 4191 notio
452 4125 529 4190 boni
549 4129 581 4189 et
600 4126 676 4189 unali
695 4132 822 4190 tantum
841 4125 897 4204 eis,
917 4144 998 4205 quae
1018 4134 1138 4192 natura
1157 4131 1344 4197 necessaria

10 4216 12 4231 ¹
59 4242 147 4314 sunt,
168 4233 380 4315 coniungitur
398 4250 501 4311 neque
521 4232 562 4294 ad
581 4227 819 4316 ἐπαηδεάμακα
838 4231 993 4311 refertum
1017 4234 1075 4297 sed
1094 4234 1192 4299 etium
1211 4236 1344 4318 negotia

58 4348 119 4408 aut
137 4343 227 4406 bona
246 4344 304 4404 aut
323 4340 408 4402 mala
428 4356 499 4402 esse
519 4335 591 4414 quis
610 4336 730 4419 negat?
762 4339 877 4416 Itaque
892 4338 993 4403 verta
1011 4340 1114 4401 κακῶν
1132 4344 1184 4404 καὶ
1205 4335 1342 4422 ἀγαθῶν,
