2896 4830
78 402 108 469 si
135 405 207 469 Μ’
230 401 267 469 in
298 402 594 485 praepositionibus
627 404 808 470 scribendis
841 404 932 484 sequi
959 425 1139 488 possemus
1172 411 1260 473 certe
1287 403 1344 472 ἐπὶ

22 536 39 593 γ
67 502 200 595 ἀργυρίῳ
219 510 363 575 seribere
383 510 549 576 debuimus
569 515 606 574 ut
620 509 727 595 §1842
746 505 804 596 την
823 505 927 575 αὑτῶν
947 506 1108 576 ἀναίδειαν
1125 509 1346 599 παρασχόντες

26 600 39 705 Ἰ
64 612 121 681 ἐπὶ
142 614 275 700 μισθῷ).

152 720 279 787 Deinde
306 722 486 803 complures
508 722 572 788 loci
595 727 679 803 sunt,
707 723 823 802 quibus
846 727 955 788 utrum
978 728 1049 790 riF
1070 744 1150 792 vera
1173 725 1344 806 scriptoris

10 872 14 921 3
61 829 164 895 verba
197 830 343 894 consulto
375 828 522 894 omiserit
554 848 596 895 an
626 828 789 895 subsalsa
822 831 967 895 consulto
996 830 1173 910 addiderit,
1207 831 1344 897 dubites,

10 946 17 1003 ἴ
60 934 269 1001 Alterutrum
288 938 396 999 nutem
414 932 535 1000 factum
555 953 626 1000 esso
645 939 796 1017 apparet;
818 956 902 1015 nam,
925 936 1094 1015 quominus
1113 938 1147 1003 in
1166 937 1226 1003 tali
1244 937 1344 1002 inter-

59 1040 228 1122 polatione
250 1039 477 1119 offenderetur,
501 1041 595 1106 simul
613 1044 714 1108 verba
733 1042 903 1124 scriptoris
922 1046 1047 1107 mutata
1067 1049 1153 1109 sunt.
1185 1043 1344 1127 Quoniam

59 1147 182 1213 scimus
197 1146 366 1213 librarium
380 1147 510 1229 generis
521 1151 571 1211 ab
582 1148 712 1230 saepius
722 1148 877 1214 scientem
888 1148 1111 1214 additamenta
1121 1149 1344 1232 adscripsisse,

58 1253 97 1323 in
120 1255 191 1319 dp
209 1257 317 1318 autem
339 1257 377 1320 ut
399 1255 501 1319 multa
525 1254 643 1319 omissa
667 1260 743 1320 sunt
766 1255 815 1319 ita
836 1273 994 1334 nusquam
1018 1256 1152 1321 consilio
1171 1255 1344 1336 quidquam

61 1360 203 1425 deletum
226 1378 298 1424 esse
322 1359 539 1424 demonstrari
561 1366 678 1441 potest,
701 1360 766 1426 illis
786 1361 865 1426 locis
884 1360 1112 1427 auctoritatem
1130 1361 1261 1444 generis
1279 1362 1349 1427 Μ’

59 1465 235 1546 sequimur.
280 1467 347 1531 Res
375 1466 522 1547 exemplo
550 1468 753 1548 explanetur.
798 1464 892 1551 §26,
918 1472 935 1530 7
960 1466 1085 1533 codices
1108 1471 1138 1533 d
1161 1469 1200 1533 F
1219 1470 1343 1533 Βανί).

59 1574 161 1638 Aoo.
183 1565 290 1636 οὑτοσί
314 1572 355 1651 δὲ,
381 1571 483 1637 ceteri
504 1571 574 1637 fere
593 1592 702 1639 omncs
725 1578 885 1658 Τίμαρχος
904 1572 939 1637 δὲ
958 1567 1064 1637 οὑτοσί
1084 1573 1246 1639 exhibent.
1275 1571 1344 1636 Aut

58 1677 166 1760 igitur
188 1677 367 1743 Aeschines
396 1676 529 1759 scripsit
560 1684 721 1765 Τίμαρχος
749 1679 784 1743 δὲ
811 1672 919 1743 οὑτοσί
946 1686 980 1743 et
1009 1700 1029 1744 a
1054 1679 1189 1745 librario
1212 1677 1342 1760 generis

58 1785 145 1863 Μ’,
167 1789 205 1849 ut
230 1788 392 1869 Τίμαρχος
413 1784 483 1849 tolli
508 1790 632 1865 posset,
661 1786 695 1849 δὲ
718 1783 899 1868 pronomini
922 1776 1030 1850 οὑτοσὶ
1052 1784 1269 1867 postpositum
1291 1787 1344 1848 est

58 1894 121 1956 aut
144 1890 277 1973 scripsit
300 1884 408 1954 οίκοσί
432 1890 466 1955 δὲ
489 1895 523 1955 et
540 1891 695 1957 librarius
714 1891 844 1975 generis
865 1894 915 1956 ab
934 1910 1048 1957 nomen
1066 1890 1241 1972 adscripsit
1261 1909 1343 1955 cam·

58 2015 125 2077 que
152 1998 193 2062 ob
216 2015 346 2063 causam
369 1997 562 2078 particulam
584 1999 775 2080 praeposuit
798 1997 987 2079 pronomini.
1033 1998 1112 2076 Hoc,
1136 2001 1173 2060 ut
1194 1995 1342 2075 vidimus,

58 2102 177 2171 vitium
192 2102 227 2168 in
243 2104 295 2168 ab
310 2102 440 2184 saepius
454 2102 629 2183 inuenitur,
648 2104 728 2169 illud
742 2104 777 2169 in
791 2106 860 2169 dF
869 2122 1035 2183 nusquam,
1054 2103 1165 2182 itaque
1183 2107 1344 2187 Τίμαρχος

56 2209 277 2277 inducendum
301 2214 351 2275 est
374 2214 409 2274 et
431 2209 466 2273 δὲ
488 2209 724 2277 invertendum.
756 2211 811 2275 Ex
834 2210 945 2274 eadem
969 2228 1068 2274 causa
1090 2206 1108 2293 ξ
1133 2212 1188 2286 34,
1213 2213 1231 2272 6
1257 2213 1290 2272 et
1313 2213 1342 2287 8,

58 2317 103 2382 de
126 2334 188 2395 quo
206 2317 275 2381 loco
295 2315 438 2380 editores
457 2316 562 2380 adhuc
580 2315 786 2394 dissentiunt,
811 2335 881 2380 cum
900 2317 969 2379 dil
984 2314 1081 2380 scribi
1101 2315 1173 2380 volo
1192 2308 1257 2376 τὸν
1275 2308 1343 2400 γὰρ

56 2424 140 2507 περὶ
166 2425 223 2507 τῆς
249 2424 421 2507 προεδρίας
446 2425 510 2483 τῶν
537 2421 646 2503 φυλῶν
668 2416 767 2501 νόμον
793 2425 954 2505 Τίμαρχος
976 2414 1096 2500 cirrosi,
1121 2420 1205 2499 quod
1229 2422 1342 2500 Bekk,

56 2528 169 2607 Dino,
190 2527 317 2593 Weidn.
342 2526 489 2592 scribunt
512 2532 546 2593 et
569 2527 626 2592 alii
648 2526 826 2592 defendunt
848 2525 939 2611 (vide
961 2527 1076 2608 Progr.
1100 2527 1196 2591 schol
1220 2524 1290 2592 Afr.
1313 2546 1342 2591 a.

60 2639 151 2701 1859
175 2654 205 2715 p.
230 2633 295 2720 36),
318 2653 377 2715 pro
400 2637 461 2696 καί
484 2628 549 2696 τὸν
572 2636 648 2718 περὶ
664 2684 831 2699 ........
854 2629 958 2714 νόμον,
984 2627 1024 2694 ὃν
1051 2635 1212 2715 Τίμαρχος
1234 2625 1343 2694 οὑτοσὶ

58 2740 192 2824 generis
215 2743 281 2821 ab3
305 2744 339 2804 et
361 2737 379 2824 ξ
401 2745 450 2819 72,
474 2744 495 2804 4
515 2745 548 2804 et
567 2744 600 2804 5:
625 2732 696 2802 ὥστ’
721 2732 914 2824 ἀμνημονεῖν
938 2734 1029 2823 ὀλίγην
1052 2732 1210 2822 πρότερον
1233 2729 1342 2801 ἀκού-

60 2864 202 2918 σαντας
230 2846 267 2931 (1)
290 2849 329 2911 F
351 2849 477 2912 Barla.
501 2848 611 2924 Aoo„
638 2845 725 2927 vlllg.
753 2851 830 2910 ante
853 2847 922 2931 ΒΓ.)
947 2839 1258 2924 ἀναγιγνωσκομένων
1279 2845 1343 2905 τῶν

13 2996 16 3001 -
59 2946 169 3032 νόμων
190 2972 249 3034 pro
274 2945 343 3015 ὥστ’
368 2945 561 3038 ἀμνημονεῖν
584 2935 631 3013 ὧν
654 2944 745 3036 ὀλίγην
768 2947 924 3038 πρότερον
950 2945 1123 3037 ἠκούσατ’
1147 2949 1250 3034 (cett.)
1271 2942 1341 3011 ἀνα-

14 3058 17 3063 ’
59 3063 313 3140 γιγνωσκομένων
331 3060 394 3121 τῶν
412 3053 533 3140 νόμων,Ι
551 3054 616 3141 et§
633 3063 683 3135 96,
698 3061 732 3121 4:
756 3064 943 3140 κατέφαγεν
965 3057 1008 3141 (d
1020 3058 1225 3138 FpBarlr.
1236 3057 1341 3135 Aoo,

60 3165 203 3232 Schultz,
231 3168 265 3230 et
286 3164 411 3231 Weidn.
439 3166 599 3245 probante
620 3161 795 3248 Frankio),
824 3185 888 3230 non
916 3169 1078 3246 κατέφαγε
1101 3156 1146 3224 τὰ
1169 3165 1340 3247 πατρῷα,

61 3271 149 3352 quod
171 3271 273 3336 ceteri
295 3270 510 3336 tradiderunt.
542 3268 669 3334 Deinde
692 3269 801 3335 malim
824 3268 843 3354 ξ
863 3275 913 3349 27,
936 3276 967 3334 1:
991 3268 1088 3339 εἴτις
1110 3262 1156 3353 μὴ
1178 3262 1341 3352 προγόνων

62 3373 158 3441 ἐστὶν
184 3371 459 3462 ἐστρατηγηκότων
486 3369 553 3447 υίὸς
580 3395 639 3457 pro
668 3372 766 3447 εἴτις
788 3370 833 3461 μὴ
857 3370 1020 3462 προγόνων
1043 3372 1115 3438 ἐστὶ
1138 3377 1211 3436 τῶν
1233 3371 1341 3459 ἐστρα-

62 3477 240 3567 τηγηκότων
259 3477 341 3557 νίὸς,·
363 3479 381 3567 ξ
402 3487 453 3560 97,
473 3487 506 3547 9;
532 3465 574 3543 ὧν
593 3478 721 3552 ἕκαστος
739 3476 840 3565 τούτῳ
860 3477 906 3544 δύ’
930 3474 1060 3564 ὀβολοὺς
1083 3472 1231 3564 ἀπέφερε
1251 3478 1341 3564 (dF,

62 3588 152 3669 vulg.
179 3593 256 3653 ante
278 3587 357 3675 Bu),
385 3607 449 3653 non
473 3580 674 3672 ἀποφορὰν
697 3583 792 3672 ἔφερε
815 3587 908 3672 (ab);
932 3583 950 3670 ξ
976 3591 1047 3665 102,
1072 3591 1105 3649 3:
1130 3579 1162 3656 ὃς
1186 3581 1266 3649 ἔστι
1288 3590 1341 3650 καί

62 3696 121 3757 νῦν
144 3694 230 3778 (Μ’,
252 3696 340 3777 vulg.
363 3698 440 3760 ante
463 3694 542 3781 Bm),
565 3713 630 3759 non
654 3688 687 3764 ὃς
711 3690 766 3757 ἔτι
789 3695 842 3756 καί
865 3697 920 3756 νῦν
944 3689 1010 3755 ἔστι
1033 3689 1145 3776 (cett).

153 3799 247 3865 Addo
269 3801 386 3880 locum,
408 3799 466 3865 ubi
489 3802 566 3879 dF,
593 3819 784 3880 quamquam
806 3818 981 3881 pronomen
1004 3797 1108 3879 primo
1132 3798 1247 3861 obtutu
1270 3816 1341 3862 con·

64 3906 150 3971 sulto
178 3925 281 3986 neque
308 3911 396 3972 recte
424 3907 555 3974 videtur
583 3904 762 3984 addidisse,
794 3910 917 3984 tamem
950 3903 980 3968 si
1007 3921 1150 3968 errorem
1179 3902 1342 3969 scribendi

65 4011 243 4092 exceperis
266 4031 345 4078 vera
367 4009 545 4076 tradidisse
568 4031 759 4094 persuasum
777 4011 892 4091 habe03
916 4009 986 4075 dico
1005 4007 1024 4094 ξ
1046 4013 1118 4089 149,
1141 4008 1197 4074 ubi
1217 4012 1267 4074 ab
1287 4028 1342 4074 ex·

63 4118 156 4182 hibet
179 4110 384 4197 ἀναγίγνωσκε
407 4111 446 4201 δὴ
470 4116 519 4203 (δὲ
542 4120 662 4200 byrro
677 4114 1021 4201 optLarar.Ablr.)
1046 4110 1066 4177 ἃ
1089 4117 1245 4200 περὶτοῦ
1268 4109 1340 4196 ὁμο-

64 4219 185 4305 τάφονς
213 4216 328 4295 αάτούς
355 4228 504 4303 γενέσθαι
530 4223 629 4305 larem
661 4225 731 4288 dr
755 4228 863 4288 autem
891 4214 1097 4300 ἀναγίγνωσκε
1125 4214 1165 4305 δη
1192 4215 1237 4283 τὰ
1264 4222 1342 4306 περὶ

65 4333 123 4392 τοῦ
147 4322 329 4412 ὁμοτάφους
357 4323 472 4403 αὐτοὺς
498 4333 648 4409 γενέσθαι
676 4323 807 4408 ἀλέγεα
853 4328 895 4394 In
916 4327 1026 4396 Verbis
1048 4327 1178 4411 generis
1201 4330 1253 4393 ab
1276 4346 1341 4395 non
