2896 4830
650 208 871 271 ..24-

122 419 247 467 canon
271 399 484 480 contineatur,
507 404 636 466 tantum
657 400 724 467 tria
747 405 831 466 sunt.
868 400 918 466 Ac
940 399 1077 482 primum
1101 401 1236 481 uiridem,
1259 421 1342 482 quae
1364 403 1436 480 in}¹

121 527 241 591 genere
259 511 329 573 oF
349 509 493 574 tollenda
515 507 590 587 sint,
614 525 816 588 quaeramus
830 545 874 554 -—
893 505 962 592 §67
978 507 1071 574 libris
1087 512 1144 573 cd
1157 510 1264 588 Μία
1274 510 1398 572 erb.
1414 538 1417 544 ·

121 615 201 680 haec
232 615 357 680 tradita
389 619 477 680 sunt:
511 613 571 693 ἵνα,
604 617 707 700 φησίν,
740 606 795 677 ἐὰν
829 607 887 699 ἤδη
915 616 1059 700 παρῶσιν
1086 614 1116 678 οἱ
1142 618 1200 678 τοῦ
1231 614 1397 677 Φιλίππου
1422 623 1434 648 ⁶

121 725 276 808 πρέσβεις,
305 717 517 808 βουλεύσηται
545 715 562 783 ὁ
586 722 685 806 δῆμος
714 713 754 791 ὡς
775 715 908 800 τάχιστα
934 722 1012 807 περὶ
1038 723 1101 783 τῶν
1128 714 1209 807 πρὸς
1234 721 1399 784 Φίλιππον

121 831 324 911 πρέσβεων.
372 827 436 892 Sed
459 829 596 910 populus
620 826 865 893 Atheniensium
887 847 952 893 non
976 827 1156 909 delegatis
1180 826 1325 908 Philippi
1348 829 1400 892 de-

121 933 321 999 liberaturus
345 937 425 1013 erat,
449 934 507 999 sed
530 935 570 999 de
593 933 649 1013 eie,
673 953 755 1014 quae
773 933 875 1017 legati
893 933 1039 1016 Philippi
1060 933 1262 999 nunciarent.
1295 933 1400 1012 Certe,

121 1038 151 1105 si
173 1039 254 1104 illud
276 1040 454 1105 Aeschines
483 1040 591 1106 dicere
619 1041 785 1119 voluisset,
812 1041 889 1126 περί
912 1033 1017 1103 αὐτῶν
1044 1039 1196 1119 dixissem
1225 1040 1401 1105 substanti-

121 1165 196 1214 vum
228 1151 393 1230 πρέσβεων
424 1145 527 1229 igitur
559 1147 728 1213 delendum
761 1151 821 1212 est.
874 1147 1027 1212 Mendum
1060 1151 1168 1211 antem
1199 1145 1401 1229 negligentia

121 1251 253 1319 videtur
284 1252 405 1318 factum
438 1271 519 1332 esse,
552 1272 623 1318 cum
654 1252 809 1319 librarius
841 1255 950 1335 paullo
983 1257 1060 1318 ante
1087 1251 1118 1315 οί
1144 1257 1203 1315 τοῦ
1232 1251 1400 1316 Φιλίππου

121 1363 270 1443 πρέσβεις
293 1359 437 1441 legisset.
460 1398 505 1406 —
527 1356 546 1445 ρ
570 1365 632 1425 206
657 1360 691 1424 in
715 1360 878 1425 codicibus
903 1380 923 1425 ο
946 1362 1030 1425 dF
1043 1362 1167 1424 Barla.
1189 1359 1277 1423 inter
1299 1357 1401 1424 verba

121 1459 206 1551 ὑπὲρ
233 1469 289 1551 τῆς
311 1459 435 1536 πόλεως
463 1475 497 1531 et
519 1468 595 1551 περὶ
617 1469 674 1552 της
695 1462 812 1542 τάξεως
840 1466 1002 1549 particula
1028 1468 1090 1530 καί
1117 1463 1314 1547 interposita
1341 1467 1400 1541 est,

122 1590 193 1636 cum
220 1570 374 1637 librarius
401 1572 597 1638 sententiam
624 1573 809 1657 negligeret
836 1578 870 1639 et
892 1574 976 1639 tales
1000 1575 1080 1639 duas
1104 1572 1248 1638 eiusdem
1269 1568 1400 1652 generis

122 1677 270 1742 notiones
288 1678 518 1760 grammaticas
533 1679 695 1761 particula
709 1679 895 1763 copulativa
910 1679 1150 1763 coniungendas
1169 1697 1240 1744 esse
1259 1679 1400 1759 putaret.

121 1784 233 1864 Neque
261 1784 345 1849 enim
373 1805 432 1867 pro
455 1786 565 1866 patria
587 1791 626 1851 et
653 1786 844 1853 dedicandi
872 1785 984 1852 ordine
1012 1789 1049 1850 ut
1071 1788 1218 1868 pugnent
1245 1803 1316 1848 cnm
1338 1783 1401 1847 De-

121 1893 297 1971 mosthene,
330 1896 442 1957 orator
472 1891 632 1958 iudicibus
666 1894 790 1973 suadet,
823 1895 881 1958 sed
912 1898 950 1958 ut
981 1892 1121 1974 patriam
1150 1890 1326 1956 defendant
1355 1908 1400 1967 eo,

123 1997 207 2076 quod
239 1999 279 2062 de
311 1997 439 2063 dicendi
471 1999 584 2064 ordine
615 2004 768 2082 pugnent.
818 1999 909 2065 Talis
936 1999 1107 2081 particula,
1140 2017 1203 2078 qua
1234 2001 1402 2062 structura

122 2104 293 2169 verborum
322 2103 514 2186 corrigatur,
543 2110 631 2170 certe
658 2125 822 2186 nunquam
849 2107 885 2172 in
911 2104 1059 2188 margine
1082 2103 1232 2187 apposita
1256 2107 1315 2182 est,
1344 2101 1401 2168 sed

122 2210 230 2276 verbis
259 2210 433 2289 enuntiati,
465 2212 549 2290 qnod
578 2217 764 2294 corruptum
791 2212 972 2290 videbatur,
999 2209 1082 2293 ipsis
1109 2210 1328 2275 intexebatur.
1358 2246 1401 2254 —-

122 2317 172 2382 De
204 2317 316 2382 eadem
348 2336 447 2382 causa
477 2317 640 2398 librarius,
677 2320 762 2398 quod
798 2323 997 2384 structuram
1033 2318 1205 2385 verborum
1237 2315 1402 2398 corrigere

122 2423 234 2502 voluit,
266 2421 372 2508 §207
401 2424 556 2492 adverbio
586 2422 653 2505 ἔξω,
687 2426 772 2505 qnod
803 2424 930 2490 'codices
963 2424 1127 2502 exhibent,
1158 2424 1224 2508 τῆς
1252 2417 1401 2492 πόλεως

123 2529 251 2609 adiecit,
282 2533 373 2597 nulla
404 2550 508 2597 nexus
541 2532 777 2597 sententiarum
809 2531 937 2596 ratione
963 2530 1090 2610 habita,
1122 2528 1200 2609 qnid
1231 2526 1317 2593 enim
1349 2532 1402 2593 est

121 2646 187 2708 τοῖς
210 2634 269 2713 ἔξω
292 2642 347 2724 τῆς
369 2633 493 2710 πόλεως
516 2632 735 2724 περιεστηκόσι
758 2633 981 2723 λοιδορήσεται,
1006 2655 1077 2702 cum
1096 2637 1136 2701 de
1155 2636 1203 2701 eis
1222 2653 1327 2699 sermo
1347 2635 1400 2713 sit,

122 2744 178 2824 qui
201 2749 298 2810 extra
317 2746 475 2811 cancellos
495 2743 607 2810 stant?
634 2745 777 2827 Legerat
800 2743 838 2823 is,
861 2743 916 2824 qni
938 2744 1041 2809 locum
1061 2741 1214 2824 corrupit,
1236 2740 1401 2822 inpriore

120 2848 222 2936 ρέξω
245 2855 303 2914 τοῦ
326 2847 526 2937 παρανόμου,
554 2870 655 2930 quare
682 2869 785 2930 neque
812 2851 968 2915 hocloco
997 2848 1185 2917 adverbium
1214 2844 1273 2923 ἔξω
1297 2848 1401 2912 solum

122 2962 255 3022 exstare
283 2977 379 3040 posse
407 2957 559 3040 opinatus
587 2961 698 3022 estet
726 2955 973 3021 usitatissimam
1001 2956 1165 3021 notionem
1192 2958 1249 3040 τῆς
1275 2948 1402 3025 πόλεως

122 3063 307 3144 adscripsit,
330 3065 480 3131 similiter
502 3070 600 3145 atque
622 3062 657 3127 in
679 3081 724 3128 or.
746 3063 764 3127 I
786 3060 805 3147 ξ
828 3068 857 3140 8,
885 3066 922 3126 ut
945 3081 1044 3143 supra
1067 3060 1111 3147 (p.
1136 3061 1170 3147 3)
1192 3059 1342 3139 vidimus,
1365 3058 1401 3124 in

123 3171 300 3252 archetypo
327 3169 448 3237 factum
476 3178 535 3237 est.
563 3209 607 3217 -
633 3171 684 3235 De
711 3187 790 3233 voce
817 3162 917 3257 ῥητωρ
944 3166 962 3252 ξ
988 3173 1050 3232 139
1080 3168 1193 3234 addita
1220 3166 1316 3244 infra,
1345 3165 1402 3232 ubi

123 3278 163 3344 de
186 3295 305 3360 genere
328 3279 449 3342 unet
471 3278 663 3357 obloquor,
687 3275 853 3340 disseram.

213 3383 398 3463 Sequuntur
420 3383 643 3448 additamenta
665 3381 794 3465 generis
818 3383 937 3447 ab..—
955 3383 994 3447 In
1013 3381 1076 3446 fine
1095 3383 1267 3448 verborum
1285 3376 1304 3464 ρ
1322 3385 1400 3445 153:

122 3493 274 3571 νομίσαθ’
308 3484 384 3574 ὁρᾶν
416 3485 570 3576 προιόντα
602 3484 658 3552 τὸν
694 3485 812 3576 κη’ρυκα
848 3491 902 3554 καί
937 3482 995 3574 τὴν
1031 3485 1065 3551 ἐκ
1100 3491 1158 3550 τοῦ
1192 3490 1401 3572 ψηφίσματος

125 3590 289 3686 ἀνάρρησιν
307 3595 486 3676 μέλλουσαν
504 3600 666 3675 γίγνεσθαι
685 3601 797 3661 exstat
817 3589 1052 3679 ἀπαγορεύοι
1074 3593 1108 3658 in
1128 3592 1236 3658 codice
1257 3612 1284 3657 a
1303 3591 1401 3676 (Tay-

123 3705 213 3769 lorus
240 3702 322 3785 legit
355 3695 607 3789 ἄναγορεύοντα).
652 3703 791 3770 Videtur
817 3702 852 3767 id
880 3721 957 3766 casn
987 3702 1023 3766 in
1050 3701 1151 3767 verba
1179 3698 1354 3780 irrepsisse
1381 3716 1400 3763 e

124 3810 280 3893 margine,
303 3809 358 3874 ubi
377 3809 493 3889 aliquis
518 3801 719 3895 ἀναγόρευσιν
742 3809 784 3873 ad
803 3801 967 3896 ἀνάρρησιν
990 3805 1218 3889 adscripserat.
1238 3842 1281 3852 -
1300 3802 1318 3889 §
1336 3809 1399 3869 183

124 3917 159 3982 in
182 3915 345 3982 codicibus
369 3936 396 3981 α
418 3936 444 3998 μ
466 3935 510 3980 mc
531 3935 563 3981 νυ
586 3919 714 3980 Lomr.
737 3916 838 3981 verba
860 3912 984 3978 tradita
1007 3918 1095 3979 sunt:
1120 3912 1153 3977 οἳ
1173 3904 1277 3975 πολύν
1299 3909 1401 3974 πόνον

124 4017 355 4104 ὑπομείναντες
396 4017 532 4109 χρόνον
572 4024 625 4085 καί
665 4016 819 4101 μεγάλους
859 4015 1019 4090 κινδύνους
1060 4016 1116 4083 ἐπὶ
1156 4023 1201 4105 τῷ
1242 4012 1401 4102 Στρυμόνι

125 4133 264 4214 ποταμῷ
295 4125 410 4192 ἐνίκων.
457 4127 672 4195 Accusativus
698 4121 808 4212 χρόνον
835 4126 923 4191 nullo
950 4125 1044 4190 modo
1067 4125 1197 4191 defendi
1223 4129 1334 4207 potest
1357 4130 1400 4204 et,

126 4237 210 4316 quod
238 4240 436 4301 structuram
468 4237 639 4303 verborum
671 4235 792 4312 turbat,
825 4251 902 4298 casu
930 4250 1002 4297 eum
1033 4231 1068 4296 in
1095 4234 1195 4299 verba
1225 4231 1401 4313 irrepsisse

125 4344 304 4427 putandum
332 4347 392 4409 est.
434 4341 499 4407 Sed
525 4358 636 4410 vocem
662 4359 727 4408 non
759 4358 779 4407 a
810 4338 944 4405 librario
976 4337 1106 4424 generis
1133 4341 1184 4403 ab
1215 4336 1401 4419 appositam

77 4442 171 4552 ἱ
