2896 4830
617 233 838 298 ..31-

143 380 152 395 Ὶ

131 406 143 423 Ι,ι

189 420 247 488 Η10
274 423 375 507 igitur
405 410 568 509 expedilis
601 428 642 493 ad
671 429 808 494 alteram
839 425 1039 508 quaestionis
1071 429 1199 507 partem
1225 426 1366 500 transeo,

111 541 167 603 qua
187 528 302 596 classes
325 531 625 614 additamentcrum,
653 535 759 615 quoad
781 533 852 599 fieri
875 533 988 615 possit,
1013 531 1264 598 constituuntur.
1309 530 1367 594 At

108 647 163 710 que
183 631 217 699 in
237 635 297 701 hac
318 657 354 703 re
376 634 591 719 nequidquam
613 639 823 720 laboraveris
845 638 911 704 nisi
933 656 1126 721 cognoscere
1149 634 1282 719 poteris,
1306 652 1367 714 quo

64 794 66 801 .
105 737 190 803 modo
213 740 251 819 ei,
277 742 332 822 qui
359 744 503 827 singulos
530 745 631 812 libros
659 746 876 825 tradiderunt,
903 745 938 810 in
967 746 1113 810 addendo
1140 741 1265 811 versati
1292 741 1368 820 sint,

104 860 170 909 cum
191 845 251 913 hac
268 850 337 914 sola
359 850 486 916 ratione
508 851 688 938 auctoritas
711 853 855 918 codicum
879 870 920 916 ex
940 849 1171 915 additamentis
1194 845 1373 931 ponderari

101 950 212 1029 possit,
254 954 361 1037 Quare
392 975 456 1021 non
486 957 644 1040 intelligo,
676 978 770 1040 quem
801 959 844 1023 ad
875 957 971 1031 finem
1003 955 1186 1021 Schultzius
1218 952 1369 1039 (praefat.

99 1074 127 1136 p.
150 1056 231 1142 XII)
254 1078 373 1142 genera
395 1062 688 1130 additamentorum
711 1069 885 1142 enumeret,
909 1083 980 1128 cum
1003 1061 1203 1144 singulorum
1225 1058 1370 1126 codicum

97 1161 255 1229 rationem
286 1185 350 1231 non
380 1168 506 1234 habeat.
552 1170 587 1235 Si
619 1171 692 1251 quis
726 1171 811 1236 enim
842 1189 884 1236 ex
912 1166 1143 1236 additamentis
1176 1183 1370 1250 cognoscere

96 1269 245 1350 voluerit,
264 1277 422 1351 quatenus
442 1277 550 1342 codice
568 1276 675 1357 aliquo
695 1277 795 1343 fidere
814 1275 983 1359 possimus,
1003 1273 1034 1339 01
1055 1278 1131 1339 ante
1150 1272 1257 1338 omnia
1276 1289 1370 1351 quae-

96 1375 231 1440 rendum
250 1377 321 1458 erit,
344 1385 453 1446 utrum
470 1381 509 1462 is,
533 1382 588 1462 qui
608 1401 679 1449 eum
699 1383 859 1461 exaravit,
882 1383 983 1449 verba
1001 1380 1171 1462 scriptoris
1190 1383 1227 1443 ut
1245 1376 1371 1443 invenit

94 1478 144 1544 ita
171 1482 355 1549 describere
382 1505 424 1551 an
452 1506 494 1552 ex
516 1488 647 1570 ingenio
675 1494 802 1554 mutare
828 1487 976 1566 voluerit,
1004 1485 1154 1566 quoniam
1181 1484 1264 1549 liber
1292 1482 1371 1562 eius,

95 1585 152 1664 qui
180 1587 287 1654 sciens
313 1592 413 1656 verba
439 1593 587 1674 mutavit,
614 1594 748 1660 minoris
777 1599 828 1659 est
855 1592 962 1675 pretii
1014 1593 1122 1676 Quare
1149 1591 1184 1656 in
1213 1589 1370 1654 classibus

95 1693 333 1760 constituendis
363 1696 440 1762 inde
471 1699 737 1780 proficiscendum
769 1700 909 1778 videtur,
942 1703 980 1762 ut
1011 1701 1197 1778 quaeratur,
1234 1695 1372 1776 primum

94 1817 254 1877 quaenam
278 1801 499 1870 additamenta
521 1825 611 1871 mera
632 1804 835 1888 negligentia
856 1804 892 1868 in
914 1805 1016 1870 verba
1038 1803 1132 1868 illata
1155 1801 1232 1881 sint,
1256 1801 1373 1867 deinde

94 1922 254 1982 quaenam
282 1908 424 1975 consilio.
479 1910 542 1976 Sed
565 1929 756 1991 quamquam
783 1929 847 1976 non
876 1912 1025 1992 superest
1058 1907 1123 1973 alia
1149 1907 1235 1972 ratio
1262 1912 1372 1972 tamen

92 2010 176 2075 haec
190 2011 377 2079 distributio
396 2035 462 2081 11011
476 2016 581 2081 omnia
596 2016 818 2081 additamenta
838 2015 1071 2097 complectitur,
1092 2013 1168 2094 quia
1186 2032 1252 2078 non
1270 2032 1373 2094 pauca

93 2121 182 2196 sunt,
206 2117 391 2199 dequibus
414 2122 481 2187 utri
500 2122 597 2188 clussi
616 2121 737 2187 rectius
761 2121 994 2201 attribuantur,
1018 2121 1247 2186 dubitetur—
1262 2119 1373 2199 Neque

92 2223 283 2306 Madvigius
312 2225 346 2289 in
373 2225 456 2292 libro
480 2228 741 2295 adversariorum
770 2227 956 2292 criticorum
984 2227 1082 2291 aliam
1109 2225 1269 2291 rationem
1293 2243 1373 2290 com-
1434 2257 1436 2261 >

91 2329 236 2409 mendat,
261 2332 320 2395 sed
343 2349 385 2395 ex
408 2333 648 2413 additamentis,
671 2352 755 2413 quae
777 2332 875 2398 dubia
899 2337 984 2410 sunt,
1011 2331 1099 2396 iusto
1122 2331 1217 2412 plura
1240 2329 1373 2395 consilio

92 2452 168 2498 cum
181 2435 293 2502 verbis
313 2436 485 2503 coniuncta
503 2457 574 2503 esse
594 2438 745 2520 opinatus
764 2458 829 2503 non
848 2437 930 2502 satis
950 2438 991 2502 ab
1011 2436 1175 2501 erroribus
1195 2434 1259 2500 sibi
1277 2432 1374 2501 cavit.

91 2538 254 2606 Conferas
291 2560 411 2622 quaeso
442 2542 725 2624 interpolationes,
757 2562 840 2623 quae
875 2543 938 2610 vol.
970 2543 987 2607 Ι
1023 2562 1053 2623 p.
1086 2546 1227 2604 88-88
1265 2538 1374 2606 verbis

90 2644 270 2727 scriptoris
290 2647 370 2712 data
389 2666 487 2728 opera
506 2648 652 2713 adiectae
671 2666 743 2713 esse
762 2648 793 2713 ei
810 2647 972 2715 videntur.
1004 2645 1156 2728 Exempli
1170 2644 1279 2728 gratia
1295 2645 1375 2710 dnos

88 2751 182 2816 locos
207 2771 250 2817 ex
272 2753 331 2818 illa
354 2753 575 2833 disputatione
603 2751 711 2819 affero.
743 2791 787 2801 —
818 2754 897 2835 Pag.
921 2757 965 2816 84
987 2754 1092 2817 locum
1114 2769 1133 2816 e
1155 2749 1303 2815 Platonis
1326 2749 1376 2815 rei

88 2857 245 2938 publici
268 2879 298 2940 p.
315 2864 378 2923 363
393 2858 425 2922 A
449 2858 555 2938 sumit,
578 2859 634 2924 ubi
656 2859 704 2923 sic
727 2857 896 2923 scribitur:
920 2857 972 2920 ἵνα
996 2859 1140 2921 δοκοῦντι
1163 2858 1272 2940 δικαίῳ
1295 2847 1376 2919 εἶναι

86 2967 235 3048 γίγνηται
255 2956 322 3025 ἀπὸ
340 2965 396 3047 τῆς
415 2960 505 3048 δόξης
524 2957 619 3048 ἀρχαί
634 2984 671 3026 τε
685 2965 736 3026 καὶ
753 2958 847 3043 γάμοι
862 2965 917 3038 καὶ
934 2955 1058 3047 ὅσαπερ
1072 2958 1226 3026 Γλαύκων
1245 2960 1376 3046 διῆλθεν

88 3064 167 3153 ἄρτι
196 3061 264 3130 ἀπὸ
292 3071 351 3130 τοῦ
379 3061 556 3148 εὐδοκιμεῖν
579 3065 656 3131 ὄντα
677 3072 723 3153 τῷ
747 3063 850 3152 ἀδίκῳ.
896 3068 935 3132 In
959 3067 1106 3133 omnibus
1130 3066 1293 3132 codicibus
1317 3084 1376 3147 pro

85 3177 138 3258 τῷ
163 3166 261 3256 ἀδίκῳ
286 3177 465 3257 0110101τῷ
488 3174 604 3256 δικαίῳ.
655 3173 738 3251 ,1018
762 3172 948 3255 Madvigius
970 3172 1086 3252 inquit,
1110 3191 1192 3252 „non
1215 3170 1377 3252 corrigen-

84 3281 170 3345 dum
193 3278 357 3345 violenter
380 3281 461 3355 erat,
485 3278 542 3341 sed
563 3278 766 3342 tollendum‘.
799 3277 995 3360 Quocunque
1018 3279 1111 3343 modo
1133 3279 1194 3343 hoc
1217 3295 1252 3342 se
1270 3277 1377 3354 habet,

84 3388 194 3462 certe,
219 3382 249 3447 si
272 3386 317 3466 τῷ
340 3384 449 3466 δικαίῳ
473 3381 728 3447 additamentum
751 3386 810 3460 est,
839 3402 904 3448 non
928 3388 1058 3448 constat
1080 3383 1115 3447 id
1137 3383 1283 3447 consulto
1306 3400 1377 3446 cum

82 3488 207 3558 verbis
231 3487 381 3552 Platonis
410 3485 613 3551 coniunctum
640 3504 727 3567 esse3
754 3506 861 3552 nonne
889 3487 1038 3552 animab
1062 3488 1169 3567 aliquo
1191 3486 1320 3551 homine
1342 3485 1379 3551 in

84 3593 249 3677 margine
278 3591 478 3672 adscriptum
506 3590 559 3657 vel
586 3591 840 3672 superscriptum
866 3591 968 3656 fuisse
996 3596 1030 3657 et
1057 3593 1133 3657 inde
1156 3592 1191 3657 in
1213 3592 1315 3659 verba
1336 3590 1380 3657 ir·

83 3699 244 3782 repsisse
272 3701 390 3778 potest,
418 3699 456 3759 ut
482 3694 633 3758 Aeschin.
662 3715 706 3760 01.
729 3696 746 3760 Ι
774 3693 793 3780 ξ
818 3700 881 3760 138
909 3700 1012 3759 κακῶν
1039 3699 1092 3761 καὶ
1120 3690 1249 3776 οἷγοδῶν
1276 3716 1379 3780 genus

85 3809 147 3874 ab
177 3805 216 3868 in
245 3819 353 3878 versu,
381 3800 484 3864 codex
511 3802 618 3862 autem
647 3817 672 3877 q
698 3799 733 3864 in
761 3801 908 3884 margine
936 3801 1078 3880 exhibet,
1111 3806 1168 3866 aut
1194 3806 1231 3866 ut
1259 3821 1305 3867 01.
1327 3803 1380 3869 ΠΙ

82 3911 191 3998 §195
218 3908 354 3973 verbum
376 3906 554 3984 στεφανοῦν
577 3907 688 3968 exstat
710 3903 745 3968 in
762 3905 910 3989 margine
929 3907 996 3972 cod.
1009 3909 1052 3986 F,
1074 3906 1108 3971 in
1130 3907 1249 3972 ceteris
1273 3913 1380 3973 autem

83 4013 266 4085 codicibus
289 4010 325 4073 in
347 4009 447 4074 verba
470 4006 610 4071 oratoris
633 4013 799 4089 receptum
822 4015 881 4089 est,
904 4012 990 4090 quod
1013 4031 1056 4076 ex
1078 4011 1190 4077 eadem
1213 4031 1320 4092 causa,
1343 4032 1382 4078 ac

82 4140 199 4205 supra
222 4119 269 4200 τῷ
289 4116 406 4198 δικαίῳ,
430 4111 516 4191 quod
534 4110 657 4190 aliquid
675 4112 788 4178 deesse
806 4115 987 4195 videbatur,
1008 4116 1191 4198 appositum
1210 4123 1244 4184 et
1263 4118 1383 4200 optime

81 4232 132 4298 ad
169 4223 377 4290 structuram
409 4217 556 4296 aptatum
587 4218 647 4278 est.
697 4216 806 4296 Atque
837 4218 922 4284 idem
954 4220 994 4285 de
1022 4219 1195 4303 participio
1228 4217 1381 4310 δοκούσης

80 4328 273 4403 dicendum
296 4324 357 4398 est,
381 4319 466 4399 quod
487 4316 672 4402 Madvigius
695 4318 739 4407 (p.
759 4321 817 4413 88)
839 4324 874 4393 in
896 4324 1061 4396 Pluturcla
1079 4324 1138 4394 vit.
1156 4326 1279 4417 Pyrrhi
1298 4348 1324 4401 c.
1341 4336 1382 4401 22
