2896 4830
92 397 213 483 Στειριᾶ
241 397 459 479 στεφανοῦν
487 394 543 462 ἕνα
569 401 633 461 τῶν
656 391 934 477 συγκατελθόντων
961 389 1049 484 αύτῷ
1076 389 1142 460 άπὸ
1167 393 1280 482 Φυλῆς,
1308 397 1362 461 καὶ

91 492 152 566 εἷλε
175 503 239 568 κτλ.
284 505 426 571 Verbum
449 506 627 586 στεφανοῦν
648 503 683 569 iu
706 503 800 569 tibris
823 505 949 583 qu
973 506 1100 569 Baro.
1123 502 1275 568 omissum
1298 506 1362 583 ost;

67 608 135 674 'ita
163 609 256 688 enim,
288 628 370 689 quae
402 609 584 675 Schultzius
617 611 657 675 de
684 611 768 676 libro
799 611 839 674 F
864 608 951 688 dicit,
982 609 1140 693 intelligo,
1172 607 1227 688 qui
1253 606 1380 673 affert:-

90 713 165 798 ,ἕνα
188 720 217 781 d
240 735 265 795 q
288 718 414 782 Βανῦ.
438 722 472 782 et
493 716 583 798 prior
605 717 645 782 F
665 716 856 802 (στεφανοῦν
879 720 931 780 est
952 717 1062 799 glossa
1080 716 1115 781 in
1135 715 1218 802 W,
1241 719 1279 779 ut
1301 733 1363 781 sec.

88 823 126 886 F
148 821 184 886 in
211 804 358 903 ungine
389 824 523 890 verbum
554 808 703 904 posuisse
730 822 882 889 uideatur
913 840 1017 901 neque
1045 841 1092 900 ea,
1125 840 1206 902 qnae
1238 820 1363 887 tradita

86 931 189 1008 erant,
222 926 413 1008 corrupisse.
467 929 576 1007 Atque
607 928 688 993 illud
721 931 899 1008 στεφανοῦν
931 931 1020 993 recte
1052 928 1167 992 abesse
1200 925 1363 1008 Sauppius

78 1032 145 1114 Ep.
171 1032 242 1098 crit.
265 1030 295 1115 p.
318 1038 380 1097 lna
401 1052 446 1113 sq.
470 1034 587 1113 doerit,
611 1053 681 1099 cum
705 1034 928 1116 Thrasybulus
951 1033 993 1097 ab
1015 1031 1159 1097 Archino
1181 1051 1255 1110 non,
1278 1030 1363 1111 quod

86 1139 128 1204 ad
146 1140 300 1220 populum
319 1139 457 1219 tulisset,
480 1145 518 1204 nt
537 1159 726 1219 quemquam
746 1143 924 1218 coronaret,
943 1138 1001 1204 sed
1019 1139 1104 1218 quod
1123 1137 1246 1217 aliquid
1266 1129 1362 1222 ἄπρο-

84 1239 265 1328 βούλεοτον,
289 1247 374 1326 quod
391 1245 608 1310 Athenienses
626 1250 754 1325 vocant,
777 1244 971 1328 rogavisset,
995 1248 1167 1309 accusatus
1187 1246 1282 1308 esset.
1313 1242 1363 1308 Ac

85 1369 126 1416 ne
153 1352 216 1416 hoc
242 1352 369 1430 quidem
400 1371 464 1417 non
497 1351 667 1430 assentior,
698 1350 896 1418 infinitivum
928 1371 948 1415 a
980 1350 1130 1431 quopiam
1164 1347 1363 1431 adscriptum

85 1476 167 1537 esse,
185 1458 271 1523 unde
290 1459 447 1540 penderet
465 1457 670 1524 accusativos
690 1453 755 1536 ἕνα,
780 1476 851 1522 cum
870 1457 954 1520 hanc
972 1474 1082 1522 vocem
1102 1456 1140 1520 de
1159 1455 1362 1538 Thrasybulo

83 1562 156 1645 ipso
180 1581 253 1628 esse
274 1563 519 1647 intelligendam
540 1562 690 1629 nesciret.
706 1601 750 1609 -
768 1563 808 1627 In
830 1562 893 1628 fine
917 1561 935 1649 ξ
955 1567 1020 1627 204
1042 1561 1077 1627 in
1100 1560 1246 1626 omnihus
1269 1560 1362 1627 libris

84 1673 219 1750 praeter
242 1689 262 1734 c
284 1673 313 1735 d
336 1672 416 1750 Ρη,
437 1673 560 1735 Βανῦ.
583 1673 657 1751 post
679 1671 781 1736 verba
803 1662 843 1731 τὰ
866 1669 901 1732 δὲ
923 1668 1060 1732 πλεῖστα
1082 1669 1244 1753 περὶτῶν
1267 1668 1362 1752 δημο·

86 1779 163 1838 σι’ων
191 1768 390 1861 ἀδικημάτων
417 1780 529 1840 exstat
552 1775 638 1855 λέγω,
667 1776 752 1854 quod
780 1775 939 1853 Bremius
967 1773 1142 1853 Frankius,
1169 1773 1362 1839 Weidnerus

84 1882 238 1962 retinent,
261 1882 405 1948 editores
427 1881 620 1947 Turicenses
645 1885 678 1946 et
701 1880 883 1946 Schultzius
907 1881 1024 1945 delent.
1062 1879 1134 1958 Sed,
1158 1898 1228 1943 cum
1252 1882 1363 1943 orator

83 1986 189 2073 §203
214 1986 289 2074 ετξ
309 1994 383 2069 204,
407 2007 469 2068 quo
493 1987 604 2054 ordine
628 1987 759 2066 dixerit,
782 1986 895 2069 paucis
918 1985 1027 2055 verbis
1051 1984 1308 2066 comprehendat,
1333 1982 1362 2048 si

84 2094 272 2175 perspicere
299 2096 455 2173 volumus,
483 2113 559 2159 num
586 2093 664 2173 λέγω
691 2092 898 2175 intempore
926 2090 1094 2177 praesenti
1121 2094 1209 2155 recte
1242 2089 1362 2155 dictum

83 2198 140 2278 sit,
162 2201 264 2266 verba
286 2202 400 2265 harum
422 2197 460 2284 ἕξ
480 2218 550 2264 cun
570 2199 691 2278 ordine,
715 2218 776 2278 quo
800 2218 858 2280 per
880 2200 964 2264 hanc
987 2197 1165 2263 orationem
1183 2195 1363 2262 Aeschines

81 2305 213 2370 locutus
242 2310 300 2384 est,
329 2323 516 2387 comparare
545 2306 705 2371 debemus.
750 2306 800 2370 Ac
822 2304 960 2386 primum
988 2303 1116 2383 quidem
1139 2300 1219 2367 dicit
1241 2299 1260 2387 ξγ
1283 2306 1361 2366 203:

83 2405 168 2475 ἀλλὰ
190 2415 317 2496 πρῶτον
343 2411 403 2493 μὲν
430 2404 504 2483 τούς
528 2406 643 2492 νόμους
665 2407 814 2485 ἐπέδειξα
839 2404 1094 2495 άπαγορεύοντας
1116 2401 1161 2493 μὴ
1185 2411 1363 2490 στεφανοῦν

82 2511 160 2589 τούς
186 2511 398 2597 ὑπευθύνους,
428 2514 542 2581 ἔπειτα
569 2510 625 2580 τὸν
652 2511 754 2604 ῥήτορ’
783 2511 931 2603 ἐξήλεγξα
959 2511 1127 2601 γράψαντα
1148 2516 1363 2600 Δημοσθένην

83 2620 163 2686 ὄντα
186 2627 364 2705 στεφανοῦν
387 2617 479 2686 οάδέν
502 2617 771 2709 προβαλλόμενον,
799 2615 874 2686 ouidi
901 2616 1188 2708 προσεγγράψαντα
1211 2612 1363 2700 ,ἐπειδὰν

83 2730 131 2814 δῷ
161 2723 217 2801 τὰς
248 2723 406 2801 εὐθύναςιι
443 2722 523 2792 ἀλλὰ
554 2729 719 2800 παντελῶς
750 2731 803 2792 καὶ
834 2722 924 2809 ὑμῶν
955 2730 1007 2791 καὶ
1038 2731 1102 2790 τῶν
1133 2721 1239 2806 νόμων
1269 2746 1362 2788 κατα·

82 2830 324 2958 πεφρονηκότα·
347 2838 400 2899 καὶ
422 2829 478 2907 τὰς
500 2833 652 2915 ἐσομένας
674 2828 755 2920 πρὸς
777 2838 879 2898 ταῦτα
901 2829 1077 2921 προφάσεις
1100 2824 1201 2912 εἶπον,
1227 2826 1262 2903 ἃς
1285 2824 1361 2907 ἀξιῶ

82 2943 141 3004 καὶ
163 2934 244 3022 υμᾶς
266 2937 537 3027 διαμνημονεύειν.
570 2943 662 3007 Haec
685 2941 792 3006 omnia
814 2945 948 3006 exstant
970 2938 1137 3026 ᾖξεν-31.
1169 2937 1296 3021 Deinde
1314 2955 1362 3003 se-

83 3051 230 3126 quuntur
247 3049 361 3114 uerba:
385 3042 533 3132 δεύτερον
552 3041 614 3111 δ
598 3056 673 3128 υμῖν
692 3047 861 3170 διεξηλθον
883 3069 956 3118 τους
978 3067 1055 3131 περι
1075 3047 1138 3108 τῶν
1156 3039 1362 3133 κηρυγμάτων

82 3146 212 3232 νόμους,
236 3174 270 3216 εν
293 3141 339 3225 οἷς
362 3147 571 3242 διαῤῥάδην’
552 3158 723 3240 απείρηται
745 3147 800 3216 τόν
823 3146 889 3216 υπὸ
907 3175 964 3216 του
985 3146 1087 3237 δήμου
1106 3136 1363 3232 στεφανούμενον

82 3279 133 3380 μη
156 3253 369 3379 κηρύττεσθαι
392 3256 451 3334 ἔξω
474 3283 529 3345 της
551 3253 765 3345 ἐκκλησίας·ι
751 3283 768 3322 ο
792 3259 827 3323 δέ
849 3252 988 3348 ῥήτωρ
974 3282 991 3320 o
1014 3253 1139 3339 φεύγων
1160 3251 1218 3342 τὴν
1240 3247 1362 3340 γραφὴν

83 3357 125 3426 ού
148 3386 221 3436 τους
242 3360 358 3445 νόμους
384 3359 483 3464 μόνον
510 3370 741 3489 παραβέβηκεν,
771 3358 851 3426 άλλὰ
873 3368 925 3428 καὶ
948 3358 1003 3426 τὸν
1025 3356 1133 3448 καιρόν
1155 3366 1211 3448 τῆς
1235 3352 1361 3448 άναρρη·

84 3486 166 3541 σεως
188 3472 240 3534 καὶ
262 3464 317 3533 τὸν
339 3465 448 3550 τόπον,
477 3467 614 3533 κελεύων
637 3493 693 3532 ουκ
716 3492 751 3533 εν
772 3492 811 3556 τη
833 3465 990 3555 ἐκκλησίᾳ,
1020 3462 1125 3532 ἀλλ”
1109 3491 1143 3533 εν
1165 3493 1210 3553 τφ
1232 3461 1361 3551 θεάτρῳ

83 3569 146 3661 τὴν
161 3568 323 3665 ἀνάρρησιν
341 3579 511 3656 γίγνεσθαι,
531 3569 597 3639 οὐδ’
612 3569 791 3661 ἐκκλησιαζ
776 3597 874 3639 οντων
888 3569 1064 3661 Ἀθηναίων,
1086 3567 1166 3637 ἄλλα
1182 3566 1362 3653 μελλόντων

82 3684 253 3768 τραγῳδῶν
275 3681 412 3746 εισιέναι.
445 3683 496 3747 De
517 3682 568 3747 his
591 3683 688 3747 rebus
711 3680 890 3768 §wa-48
915 3680 1033 3764 agitur.
1065 3682 1146 3745 Tum
1167 3678 1360 3744 Aeschines:

82 3791 196 3868 ταῦτα,
225 3788 340 3869 inquit,
368 3790 395 3852 δ
418 3782 518 3852 εἰπὼν
541 3781 637 3874 μικρά
663 3787 724 3868 μὲν
746 3789 822 3872 περὶ
844 3791 907 3850 τῶν
930 3784 1019 3851 ἰδίων
1042 3779 1142 3865 εἷπον,
1171 3785 1257 3864 quod
1283 3782 1361 3849 feeit

83 3892 124 3980 ἐξ
149 3899 288 3959 51-53.
313 3895 448 3978 -Pergit
471 3894 622 3974 denique:
650 3887 690 3956 τὰ
713 3893 747 3957 δέ
769 3893 905 3957 πλεῖστα
934 3895 1012 3978 περὶ
1033 3895 1094 3955 τῶν
1119 3892 1276 3977 δημοσίων
1298 3882 1361 3952 ἅδι-

81 3995 235 4086 κημάτων
258 4000 371 4087 (λέγω),
400 4020 483 4081 quae
505 4020 583 4083 pars
606 3997 644 4085 βξ
668 4004 819 4064 54-167
844 3999 1036 4065 continetur.
1080 3996 1189 4076 Atque
1212 3994 1360 4061 Bremius

82 4106 324 4187 verbunden
352 4098 506 4186 defendit,
538 4107 623 4187 quod
655 4109 765 4171 orator
796 4124 903 4170 exeo
932 4106 1121 4187 argumento
1149 4102 1257 4185 paullo
1285 4106 1361 4167 ante

83 4214 254 4296 digressus
279 4213 331 4279 sit.
376 4213 441 4278 Sed
462 4214 539 4278 inde
561 4232 582 4276 a
604 4209 623 4296 ξ
646 4215 708 4275 lae
731 4229 833 4290 usque
856 4211 899 4275 ad
921 4208 1018 4295 §176
1043 4209 1083 4274 de
1105 4208 1153 4274 eis
1176 4208 1255 4291 agit,
1279 4224 1362 4288 quae

80 4317 268 4386 adversarii
286 4317 522 4385 contradicturi
540 4316 616 4384 sint.
648 4315 775 4382 Deinde
789 4313 827 4400 §d
839 4320 1011 4382 177-215
1027 4319 1215 4397 praemonet
1228 4313 1361 4395 iudices
