2896 4830
612 193 833 254 ...14-

83 381 216 448 notione
240 373 256 444 ὃ
281 376 373 446 οὐδὲν
397 379 541 469 ἄπρατον
565 380 644 463 ἔχων
666 389 762 469 μέρος
784 390 842 448 τοῦ
865 382 1009 465 σώματος
1032 390 1175 451 notatur.
1203 423 1247 432 —
1274 383 1293 470 ξ
1318 390 1359 450 33

84 487 246 553 editorum
266 482 283 550 ὁ
301 490 468 569 Φιλίππου
488 484 597 577 πατὴρ
615 495 691 571 post
708 484 854 572 Ἀμύντας
873 491 930 557 1111
949 491 1112 571 omittunt,
1132 491 1360 557 111111111111.

82 595 276 661 Weidnerus
306 601 414 661 autem
442 597 553 662 eadem
579 599 680 664 verba
707 595 726 682 ξ
751 604 791 662 32
821 597 908 663 tollit
935 603 969 663 et
995 600 1147 665 hocloco
1172 602 1296 678 servat3
1324 602 1361 662 ut

83 700 222 780 videtur,
246 703 331 783 quod
354 722 454 785 supra
475 703 603 770 librarii
627 705 715 769 codd.
739 706 953 783 1111111
977 704 1040 770 alio
1065 705 1178 771 ordine
1200 704 1252 769 usi
1275 710 1360 771 sunt.

84 807 148 873 Sed
170 805 189 892 ξ
214 813 254 872 32
280 827 344 873 non
367 808 472 875 minus
495 812 577 875 bene
600 829 695 890 quam
717 807 736 894 ξ
760 816 801 875 26
825 810 1004 876 Aeschines
1033 813 1134 878 verba
1161 810 1296 890 addidit,
1324 818 1362 877 ut

83 913 300 989 Athenienses
320 914 451 996 scirent,
465 917 506 982 de
520 936 582 997 quo
592 918 736 998 Amynta
754 918 954 997 loqueretur3
972 937 1088 983 nomen
1104 916 1188 982 enim
1198 919 1361 1001 Amyntae

82 1022 118 1088 in
136 1020 327 1087 Macedonia
350 1023 566 1103 compluribus
589 1023 771 1089 hominibus
795 1029 875 1102 erat,
899 1028 936 1087 ut
954 1023 1029 1088 duci
1047 1024 1230 1090 Alexandri
1248 1024 1362 1108 Magni

85 1134 118 1194 et
144 1129 194 1194 illi
219 1126 349 1206 homini,
383 1127 439 1208 qui
465 1129 602 1195 Darium
634 1149 745 1212 regem
776 1134 891 1194 contra
918 1131 1141 1196 Alexandrum
1170 1131 1310 1210 adiuvit3
1343 1129 1362 1216 ξ
1404 1138 1406 1153 .

84 1242 192 1301 autem
217 1240 257 1300 33
282 1235 322 1299 de
345 1234 457 1300 eadem
480 1255 516 1300 re
539 1235 680 1301 eiusdem
699 1236 863 1318 Amyntae
886 1256 925 1302 ac
946 1235 965 1320 ξ
986 1243 1026 1301 32
1051 1236 1178 1316 dieitur,
1201 1244 1239 1303 nt
1260 1239 1362 1305 verba

84 1347 233 1424 repetere
257 1362 533 1424 supervacaneum
556 1343 609 1407 sit.
641 1342 909 1407 Additamentum
932 1362 950 1407 e
973 1341 1044 1428 §32
1065 1362 1137 1409 esse
1155 1344 1362 1410 manifestum

83 1453 143 1514 est.
166 1487 210 1495 —
233 1446 307 1533 §51
332 1449 397 1515 iam
412 1449 564 1531 Augerus
587 1442 819 1534 μνημονικὸς
842 1450 903 1511 καί
926 1454 1003 1514 1111
1027 1443 1126 1528 δεινὸς
1149 1450 1249 1529 λέγειν
1271 1454 1362 1515 11111

83 1555 213 1633 delevit,
247 1557 331 1635 quod
359 1558 399 1620 de
427 1556 580 1621 memoria
608 1555 752 1637 Philippi
783 1555 870 1621 infra
902 1555 1027 1620 demum
1060 1554 1144 1641 §52
1178 1574 1282 1621 sermo
1315 1555 1362 1619 fit.

82 1661 211 1741 Aliquis
236 1667 345 1727 autem
366 1665 469 1728 verba
492 1661 677 1744 adscripsit,
701 1681 772 1726 oum
794 1660 813 1747 ξ
832 1665 874 1724 43
898 1662 1046 1744 legisset:
1071 1655 1112 1734 ὡς
1134 1663 1172 1747 ην
1198 1663 1363 1733 Φίλιππος

84 1762 184 1839 δεινὸς
203 1758 307 1832 είπὲίν
326 1771 379 1833 καὶ
397 1765 588 1854 μνημονικός
611 1773 644 1834 11
662 1767 680 1853 ξ
699 1773 756 1832 48;
780 1761 828 1831 ὅτι
850 1770 903 1830 καί
925 1772 1122 1853 μνημονικῶς
1144 1771 1197 1831 καί
1221 1769 1362 1840 δυνατῶς

84 1868 101 1937 ὁ
132 1875 295 1946 Φίλιππος
324 1875 419 1939 εἴποι.
453 1914 496 1922 -
528 1873 547 1960 ξ
571 1881 612 1939 68
644 1877 806 1957 Amyntor
833 1874 988 1939 Aeschini
1015 1879 1171 1940 testatur:
1199 1871 1234 1938 ἐν
1261 1869 1363 1960 ταίτη

82 1985 123 2068 τῇ
146 1978 293 2067 ἐκκλησίᾳ
317 1981 384 2066 (die
406 1982 492 2046 XIX
514 1981 634 2046 mensis
658 1980 921 2060 Elaphebolionis
942 1981 990 2046 Ol.
1004 1987 1075 2061 108,
1092 1981 1125 2067 3)
1148 1984 1363 2067 Δημοσθένην

83 2082 308 2162 ἐπιδείξασθαι
368 2137 517 2151 .........
579 2083 732 2174 ψηφισμα
746 2136 898 2150 .........
917 2089 971 2150 καί
995 2081 1242 2151 ἀνακοινοῦσθαι
1265 2080 1363 2150 αὐτὸν

85 2187 170 2279 αὐτῷ
185 2192 396 2280 (Amyntori),
415 2191 445 2256 ei
463 2195 507 2279 δῶ
525 2199 575 2280 τῷ
593 2201 811 2280 γραμματεῖ
826 2190 1093 2279 ἐπιψηφίσασθαι
1108 2203 1173 2265 τοῖς
1187 2195 1362 2279 προέδροις.

82 2300 226 2364 Primum
246 2321 310 2367 non
330 2297 597 2386 ἐπιψηφίσασθαι
616 2301 826 2382 proedrorum
846 2318 926 2378 esse,
946 2301 1003 2364 sed
1017 2297 1225 2386 ἐπιψηφίσαι,
1246 2299 1363 2364 deinde

83 2405 211 2471 scribae
234 2412 268 2473 et
290 2407 439 2488 proedris
463 2408 664 2490 rogationem
687 2407 820 2471 tradere
839 2407 925 2472 idem
944 2410 1024 2486 1111,
1047 2407 1082 2471 11
1101 2405 1236 2487 Sauppii
1255 2407 1362 2488 Epist.

83 2513 155 2579 crit.
179 2515 222 2579 ad
244 2513 324 2578 God.
347 2515 458 2579 Herm.
481 2534 511 2594 p.
538 2520 598 2579 126
624 2532 670 2592 sq.
693 2517 761 2578 tam
785 2517 937 2579 accurate
961 2514 1183 2579 demonstrata
1212 2518 1297 2592 sunt,
1326 2518 1363 2577 ut

82 2638 148 2684 non
161 2621 307 2699 habeam,
322 2621 407 2701 quod
426 2620 552 2685 addam.
579 2620 696 2699 ltaque
715 2624 760 2705 τῷ
778 2628 961 2706 γραμματεῖ
974 2619 1115 2684 editores
1129 2618 1225 2683 huius
1239 2618 1362 2683 aetatis

82 2728 172 2790 recte
191 2725 377 2792 omiserunt.
414 2725 586 2791 Librarius
605 2727 665 2791 hoc
683 2728 879 2810 glossemate
897 2726 1028 2794 videtur
1046 2725 1191 2790 indicare
1210 2725 1362 2804 voluisse,

82 2830 117 2895 id
136 2833 220 2911 quod
240 2853 352 2900 verum
372 2837 430 2912 est,
453 2841 519 2915 ταῖς
541 2834 707 2918 προέδροις
730 2834 840 2897 δοῦναι
862 2832 948 2897 idem
971 2851 1043 2896 esse
1062 2851 1100 2896 ac
1119 2836 1164 2916 τῶ
1182 2840 1365 2916 γραμματεῖ

82 2937 117 3003 11
140 2936 159 3023 β
183 2945 233 3006 64.
280 2939 365 3005 Casu
394 2945 502 3005 autem
530 2939 614 3003 hanc
640 2957 751 3004 vocem
773 2939 883 3005 verbis
906 2938 1078 3004 Aeschinis
1106 2937 1261 3003 incidisse
1288 2936 1362 3002 ideo

84 3045 239 3127 suspicor,
271 3048 356 3126 quod
388 3051 587 3112 structuram
618 3046 790 3110 verborum
823 3047 944 3110 turbat.
976 3083 1020 3091 —
1052 3043 1118 3108 Sub
1150 3043 1246 3108 finem
1276 3041 1294 3127 ξ
1320 3050 1360 3108 96

83 3149 325 3233 011111,,ἐμοὶ“,
344 3153 458 3233 inquit,
478 3154 504 3215 d
524 3148 637 3233 ἐφεξῆς
655 3152 755 3231 λέγειν
770 3145 956 3237 (ἁρμόττει),
978 3144 1168 3232 ἀναλαβόντι
1185 3144 1243 3235 την
1264 3143 1363 3235 ἀρχὴν

82 3263 140 3322 τοῦ
167 3255 259 3339 λόγον
289 3254 354 3323 ἀπὸ
381 3263 438 3346 της
465 3261 597 3343 πορείας
628 3261 684 3342 της
712 3254 768 3321 ἐπὶ
793 3251 868 3329 τοῖς
896 3250 1013 3342 ὅρκους.
1071 3255 1205 3321 Codices
1238 3258 1364 3322 addunt

82 3368 145 3428 καὶ
167 3369 213 3448 τη
221 3389 236 3436 ς
258 3369 479 3451 πρεσβείας,
504 3364 588 3444 qued
607 3366 788 3442 BekkePUS,
812 3382 883 3427 cum
907 3357 925 3448 ἡ
948 3360 1005 3427 ἐπὶ
1024 3357 1226 3448 τούςὸρκονς
1245 3367 1362 3447 πορεία

84 3471 172 3537 illam
191 3472 295 3554 ipsam
313 3472 518 3554 legationem,
537 3472 577 3534 de
596 3490 660 3550 qua
678 3471 796 3552 agitur,
817 3470 987 3552 significet,
1007 3469 1130 3550 primus
1149 3476 1238 3534 recte
1258 3469 1363 3548 eiecit,

83 3598 160 3643 nam
186 3580 271 3657 quod
299 3578 482 3643 Schultzius
510 3577 634 3656 vitium,
667 3596 738 3641 cum
769 3577 826 3660 της
857 3571 938 3639 κατὰ
969 3570 1027 3661 τὴν
1059 3573 1116 3639 ἐπὶ
1147 3569 1220 3646 τούς
1253 3569 1363 3660 ὅρκους

83 3689 258 3770 πρεσβείαν
285 3685 408 3764 scribit,
436 3683 600 3766 corrigere
629 3684 747 3761 studet,
776 3683 913 3748 mutatio
941 3688 994 3748 est
1020 3681 1202 3750 violentior.
1252 3681 1364 3746 Etiam

84 3791 167 3855 hanc
194 3790 499 3872 interpretationem
528 3809 569 3854 ex
592 3789 755 3871 prioribus
783 3789 893 3855 verbis
921 3789 1047 3854 notioni
1073 3791 1129 3874 της
1152 3791 1284 3873 πορείας
1307 3788 1364 3872 τῆς

84 3893 141 3961 ἐπὶ
155 3891 228 3968 τούς
244 3889 353 3983 ὅρκους
372 3895 570 3976 adscriptam
589 3895 705 3975 aliquis
725 3896 888 3977 particula
906 3898 958 3958 καί
978 3916 1048 3961 cum
1066 3895 1175 3962 verbis
1190 3894 1363 3959 Aeschinis

36 3996 41 4005 ’
85 4003 261 4068 coniunxit.
294 4041 338 4049 —
369 4000 388 4087 β
413 4007 477 4066 104
500 4003 707 4068 enunciatum
731 4007 856 4066 exstat:
886 4001 916 4065 ei
937 4003 997 4084 μὲν
1019 3990 1076 4065 σίν
1099 3996 1200 4088 ἡγεῖθ’
1224 3995 1241 4062 ὁ
1264 4002 1364 4085 δῆμος

85 4102 172 4195 αὑτῶ
190 4109 292 4180 καλῶς
313 4106 395 4189 ἔχειν
415 4106 586 4189 ἐξενεγκεῖν
603 4102 688 4189 μετὰ
706 4113 881 4196 παρρησίας
904 4106 942 4172 ἐν
964 4113 1014 4194 τῷ
1038 4113 1260 4196 ψηφίσματι
1283 4100 1364 4190 πρὸς

87 4214 254 4279 Φίλιππον
275 4219 425 4300 Θηβαίων
447 4216 506 4296 μὲν
529 4217 691 4300 περιελεῖν
712 4209 770 4299 τὴν
789 4208 886 4299 ὕβριν,
911 4218 1058 4280 Βοιωτῶν
1081 4217 1108 4279 d'
1129 4208 1301 4297 ἀναστῆσαι
1323 4207 1365 4276 τὰ

84 4326 180 4407 τείχη,
208 4323 297 4384 ταῦτ’
327 4315 365 4384 ἂν
394 4316 524 4407 ἠξίωσεν
544 4309 586 4386 ’ἐν
612 4326 657 4408 τη·
688 4327 879 4408 ψηφίσματι.
925 4322 1071 4405 Speciem
1098 4321 1230 4403 ineptae
1258 4324 1365 4385 tauto-
