2896 4830
657 211 878 270 „pg-

43 452 50 463 .
129 400 214 477 sunt,
242 415 308 463 non
336 397 478 465 consilio.
506 437 551 446 -
576 396 595 486 ξ
620 403 682 464 167
711 398 889 465 Aeschines
918 399 1137 481 Demostheni,
1165 399 1221 482 qui
1247 419 1282 466 se
1304 400 1403 467 Lace-

129 503 314 569 daemonios
337 508 371 569 et
394 505 566 570 Thessalos
591 510 624 571 et
646 507 850 571 Perrhaebos
879 505 1107 575 sollicitavisse
1136 507 1274 587 dixerat,
1302 507 1331 573 si
1353 490 1422 589 coi,

129 609 216 675 dices
241 631 268 675 α
291 613 314 674 b
337 610 508 693 sequimur,
536 612 723 693 respondet:
753 605 791 674 σώ
814 604 872 697 γὰρ
896 604 934 675 ἀν
956 607 1065 698 κώμην
1088 606 1316 700 ἀποστήσειας·
1338 600 1424 677 κτλ.’

128 714 193 781 Sed
215 715 249 780 in
272 718 341 781 dll'
359 721 393 783 et
416 719 464 782 elo
492 716 615 797 aliquid
641 717 733 785 vario
761 719 854 784 modo
883 718 1029 784 additum
1057 724 1116 785 est.
1162 719 1295 785 Codices
1318 719 1428 797 enim¹

38 809 47 819 ⁵
127 824 249 887 eblo
276 842 335 904 pro
363 817 402 886 σύ
425 816 482 908 γὰρ
510 823 677 888 exhibent:
706 817 749 886 σά
778 818 992 895 θετταλοάς
1020 817 1225 907 ἀφιστάναι
1253 818 1296 888 οὗ
1323 819 1401 911 γὰρ,

128 927 254 993 codices
275 929 290 992 l
311 930 451 994 Lacum:
476 922 519 991 σι)
541 923 759 1001 θεσσαλοάς
783 922 990 1011 ἀφιστάναι
1013 924 1055 994 σύ
1078 924 1156 1016 γάρ,
1181 930 1306 997 codices
1333 933 1404 1013 Ρη

127 1035 265 1099 Barba
304 1027 347 1096 σε)
379 1028 594 1106 decoctoris
631 1027 904 1121 ἀποστήσειας,
942 1036 1010 1101 cod.
1042 1030 1159 1101 ἀεσά
1191 1030 1402 1109 &sanatoris

128 1131 387 1223 ἀφιστήσειας.
432 1140 541 1220 Atque
574 1141 654 1206 haec
685 1142 787 1208 verba
819 1141 921 1223 recipi
953 1161 1154 1223 nequaquam
1181 1162 1277 1225 posse
1304 1143 1404 1209 mani-

126 1243 245 1311 festum
264 1250 324 1310 est.
360 1246 442 1311 Nam
461 1247 491 1311 si
510 1250 620 1312 orator
639 1252 715 1312 ante
735 1240 773 1309 σύ
792 1241 849 1332 γὰρ
869 1239 908 1310 ἀν
925 1242 1033 1332 κώμην
1054 1241 1281 1334 ἀποστήσειαςζ
1302 1251 1403 1316 verba

125 1351 355 1417 Demosthenis
364 1351 486 1417 ironice
496 1352 693 1434 repetiisset,
703 1373 768 1419 non
778 1354 871 1418 modo
880 1373 997 1419 nomen
1007 1355 1234 1419 Thessalorum
1245 1360 1402 1436 repetere,

127 1458 185 1522 sed
214 1457 311 1523 etiam
333 1458 607 1524 Lacedaemonios
632 1465 665 1524 et
687 1460 891 1525 Perrhaebos
921 1461 1041 1525 addere
1069 1460 1188 1527 debuit.
1248 1461 1402 1528 Videmus

126 1569 234 1629 autem
257 1563 426 1629 librarium
450 1566 517 1630 cod.
539 1566 579 1629 F
597 1566 698 1632 verba
721 1565 778 1645 ita,
801 1570 839 1630 ut
859 1565 995 1645 invenit,
1018 1565 1204 1633 inversum
1226 1567 1402 1649 recepisse3

125 1669 230 1736 voluit
252 1670 338 1736 enim
359 1670 398 1750 is,
426 1668 482 1750 qui
506 1689 544 1735 ea
568 1670 702 1750 addidit,
731 1670 839 1737 dicere
862 1675 1024 1736 oratorem
1047 1671 1249 1750 quaestione:
1279 1666 1318 1735 σύ
1346 1666 1402 1758 γὰρ

126 1767 166 1838 ἀν
182 1771 291 1862 κώμην
310 1770 540 1861 ἀποστήσειας·
564 1777 674 1842 eodem
696 1778 789 1842 modo
809 1776 1011 1849 sententiam,
1022 1777 1249 1843 Demosthenis
1272 1797 1402 1862 negare,

126 1899 164 1946 ac
182 1880 212 1946 si
230 1881 412 1947 nominibus
431 1882 577 1964 gentium
596 1882 747 1963 repetitis
767 1887 952 1963 quaereret:
976 1877 1014 1946 od
1037 1875 1095 1968 γὰρ
1115 1875 1153 1945 ἀν
1171 1877 1213 1946 τὰ
1230 1877 1402 1948 Λακωνικὰ

57 2038 59 2047 .
125 1989 178 2050 καὶ
213 1981 394 2058 Θετταλοάς
425 1991 478 2051 καὶ
508 1981 705 2075 Περραιβοάς
738 1981 955 2074 ἀποστήσειας.
1011 1989 1061 2053 Ac
1087 2007 1128 2053 ne
1155 1989 1190 2053 in
1219 1992 1247 2054 d
1274 1991 1402 2069 quidem

124 2092 278 2158 librarius
298 2092 470 2172 quidquam
488 2093 637 2172 mutauit,
656 2093 721 2158 nisi
736 2095 821 2173 quod
835 2093 997 2162 infinitivo
1016 2100 1091 2176 post
1105 2096 1206 2161 verba
1222 2089 1402 2167 Θετταλοὺς

125 2202 178 2262 καὶ
200 2192 396 2287 Περραιβοὺς
418 2200 525 2282 posito
548 2199 583 2265 in
606 2218 747 2267 errorem
770 2200 922 2265 inductus
951 2202 1086 2265 eundem
1107 2200 1305 2268 infinitin
1328 2206 1401 2284 post

125 2305 264 2370 alterum
291 2300 469 2378 θετταλοώς
496 2305 639 2372 scribere
666 2305 796 2387 incepit,
830 2306 946 2372 deinde
974 2306 1114 2373 veroin
1142 2307 1322 2388 optativum
1351 2309 1402 2373 de

125 2410 232 2477 flexit:
258 2403 480 2497 ἀφιστ-ήσειας.
526 2413 639 2492 Neque
666 2411 751 2476 enim
778 2412 820 2490 id,
849 2413 934 2492 quod
961 2412 1012 2478 vir
1040 2412 1169 2492 quidam
1197 2411 1401 2478 doctissimus

124 2516 309 2598 suspicatus
333 2520 392 2596 est,
415 2516 450 2582 in
469 2518 646 2599 archetypo
668 2516 746 2582 libri
765 2520 794 2582 d
812 2520 924 2583 eadem
942 2520 1045 2585 verba
1062 2538 1144 2599 quae
1162 2518 1197 2583 in
1215 2536 1336 2600 genere
1354 2519 1402 2603 ch

124 2622 249 2704 scripta
271 2621 373 2688 fuisse
397 2627 435 2719 et?
452 2621 622 2687 librarium
644 2623 788 2704 syllabas
811 2617 913 2705 -ἀναη
941 2616 979 2686 οὐ
1007 2617 1064 2710 γὰρ
1094 2616 1132 2687 ἀν
1154 2618 1260 2708 κώμην
1285 2616 1401 2685 ἀποστ-

123 2728 331 2794 transiluisse
358 2727 535 2795 verisimile
563 2727 641 2792 mihi
668 2727 807 2808 uidetur,
836 2731 921 2809 quod
947 2732 1050 2797 verba
1072 2723 1112 2793 ἀν
1133 2724 1241 2814 κώμην
1263 2721 1401 2815 ἀποστή-

124 2851 209 2906 σειας
229 2839 263 2898 et
282 2853 321 2898 ea
339 2833 409 2899 sine
423 2833 594 2916 particulis
614 2826 652 2896 οά
666 2828 723 2919 γὰρ
742 2840 929 2914 sequuntur.
962 2835 1084 2901 Contra
1101 2834 1256 2900 librarius
1270 2837 1402 2917 goncio

123 2942 224 3010 verba
240 2934 276 3003 oi
293 2932 470 3011 decoctoris
485 2933 705 3026 ἀποστήσειας,
722 2933 760 3003 od
774 2934 832 3027 γὰρ
847 2933 886 3004 ἀν
899 2936 1008 3027 κώμην
1023 2935 1235 3026 ἀποστήσειας
1254 2940 1400 3022 primum,

123 3049 208 3128 quod
234 3045 406 3130 frigidiora
434 3050 537 3126 erant,
570 3046 694 3126 deinde,
727 3048 812 3126 quod
839 3047 1000 3129 particula
1029 3040 1067 3109 ἀν
1094 3048 1215 3126 deerat,
1248 3046 1400 3127 correxit,

124 3173 194 3218 cum
223 3146 261 3216 σύ
289 3145 466 3224 θεττολοώς
494 3145 681 3235 &praedocu-
713 3147 750 3216 οά
778 3147 835 3238 γὰρ
863 3152 926 3216 κτλ.
955 3153 1095 3234 scripsit.
1124 3192 1167 3200 -
1195 3151 1214 3238 ξ
1238 3160 1301 3218 222
1325 3158 1401 3235 post

19 3266 25 3273 ‘
123 3260 225 3326 verba
246 3260 323 3345 περὶ
347 3262 410 3321 τών
432 3263 618 3344 τριακοσίων
640 3258 675 3324 in
698 3259 861 3325 codicibus
885 3260 1091 3324 cdeFlo
1109 3263 1124 3323 l
1144 3260 1267 3349 Boou.
1290 3260 1400 3325 Flos.

123 3364 307 3446 appositum
335 3369 386 3428 est
413 3367 513 3427 νεών.
560 3364 624 3429 Sed
651 3365 902 3430 Demosthenem
930 3366 969 3429 de
997 3365 1153 3431 trecentis
1181 3364 1247 3429 illis
1271 3365 1401 3445 opulen-

122 3469 260 3535 tissimis
291 3471 395 3553 legem
427 3469 551 3550 tulisse,
583 3490 647 3535 non
680 3471 720 3534 de
752 3469 889 3537 navibus
921 3471 1079 3536 trecentis
1106 3469 1273 3535 Frankins
1297 3468 1400 3554 (Actt

123 3575 233 3642 societ.
256 3595 362 3659 graec.
385 3576 447 3642 vol.
465 3576 500 3640 H
522 3595 552 3656 p.
573 3575 629 3661 26)
653 3580 687 3640 et
709 3575 870 3657 Sauppius
894 3575 1014 3661 (Epist.
1034 3577 1105 3642 crit.
1129 3577 1170 3641 ad
1190 3575 1270 3642 (iod.
1288 3577 1400 3642 Herm.

123 3702 153 3763 p.
171 3685 233 3745 129
254 3679 313 3765 sq.)
336 3685 404 3746 tam
427 3686 829 3763 accurate‘exposuerunt,
852 3685 976 3747 utnon
998 3684 1142 3762 habeam,
1166 3683 1250 3762 quod
1273 3683 1398 3748 addam.

122 3788 239 3866 Itaque
261 3805 371 3853 vocem
394 3786 502 3852 nescio
526 3786 597 3866 quis
621 3787 806 3869 adscripsit,
835 3787 898 3868 qui,
923 3788 1050 3854 cumin
1072 3790 1133 3853 hac
1155 3786 1173 3873 ξ
1197 3789 1237 3853 de
1259 3788 1398 3855 navibus

122 3893 177 3977 agi
199 3893 336 3972 videret,
360 3892 459 3959 etiam
480 3911 613 3958 numero
635 3897 820 3978 τριακοσίων
843 3912 943 3961 naves
967 3892 1146 3976 significari
1168 3893 1344 3975 putaverit.

211 3999 337 4078 Restat,
361 4003 398 4064 ut
417 3999 457 4064 de
476 3997 716 4077 additamentis,
737 4017 819 4078 quae
837 3998 1011 4080 generibus
1032 4001 1082 4063 ab
1100 4002 1134 4063 et
1153 4002 1202 4064 clc
1220 4000 1398 4066 communia

122 4108 208 4183 sunt,
236 4103 445 4186 disputemus.
473 4142 517 4152 -
548 4101 567 4189 ξ
593 4109 654 4169 195
688 4109 798 4170 orator
827 4106 867 4169 de
898 4104 1103 4171 accusatione
1131 4105 1327 4188 Thrasybuli
1353 4107 1398 4172 lo

122 4208 242 4289 quitur,
270 4228 353 4290 quae
375 4212 477 4279 verba
498 4210 534 4276 in
558 4210 719 4275 codicibus
743 4214 874 4292 praeter
897 4214 926 4276 d
951 4212 1032 4291 Fq
1056 4213 1180 4277 Borh.
1201 4211 1251 4276 ita
1272 4212 1399 4279 tradita

122 4319 212 4380 sunt:
236 4308 364 4403 Ἀρχῖνος
387 4310 443 4403 γὰρ
467 4310 537 4380 ὁὲκ
556 4318 671 4403 Κοίλης
693 4311 856 4404 ἐγράψατο
879 4311 1077 4401 παρανόμων
1097 4310 1324 4402 Θρασύβουλον
1342 4311 1400 4383 τάν

79 4426 147 4550 Κ
