2896 4830
610 221 831 279 ..30-

82 415 120 476 ut
148 414 294 490 caveant,
323 413 421 490 atque
448 410 607 475 hortatur.
662 410 742 474 Tum
770 428 871 488 usque
899 409 941 474 ad
968 407 987 493 ξ
1011 414 1085 487 229,
1113 427 1175 488 quo
1202 409 1295 474 modo
1322 427 1359 474 se

82 515 189 599 ipsum
218 515 438 598 oppugnaturi
466 515 541 595 sint,
570 513 674 581 affert.
727 515 876 601 Denique
903 533 1006 595 usque
1034 514 1197 580 adfinem
1225 514 1359 595 exponit
1396 539 1401 597 q

82 624 202 689 nullam
230 640 303 686 esse
331 639 469 700 causam,
497 640 555 686 cur
578 620 754 702 Ctesiphon
776 621 943 699 liberetur,
970 639 1073 700 neque
1102 618 1187 685 enim
1215 619 1359 685 adiutam
1399 610 1401 620 ⁴

83 748 103 794 a
124 728 342 793 Demosthene
365 745 438 792 esse
457 715 611 808 patriam,
634 728 691 792 sed
714 728 885 809 proditam.
914 728 983 811 Quo
1006 726 1109 809 igitur
1124 725 1204 793 iure
1226 744 1266 790 ea
1289 744 1360 790 esse

83 833 242 916 digressio
271 832 335 897 dici
362 837 480 914 potest,
507 851 579 898 cum
605 832 783 898 Aeschines
812 834 854 898 ad
882 835 1006 898 scelera
1036 831 1166 914 publica
1197 850 1360 911 nunquam

82 937 218 1004 redeat?
249 939 366 1018 Itaque
388 939 490 1006 verba
512 931 553 1000 τὰ
576 936 611 1001 δὲ
633 938 770 1002 πλεῖστα
792 941 869 1023 περὶ
892 942 955 1000 τῶν
978 939 1136 1023 δημοσίων
1161 930 1360 1022 ἀδικημάτων

83 1046 125 1110 ad
151 1043 367 1126 praeteritum
393 1047 521 1125 tempus
549 1043 716 1125 pertinent
742 1048 777 1108 et
804 1043 882 1124 λέγω
909 1044 1124 1109 inducendum
1152 1047 1210 1110 est.
1256 1045 1361 1110 Valde

83 1154 200 1229 autem,
229 1155 267 1215 ut
288 1150 349 1214 hoc
371 1168 470 1215 unum
492 1150 618 1229 addam,
642 1149 835 1215 defendendi
857 1149 913 1217 uia
936 1170 956 1215 a
977 1150 1152 1216 Weidnero
1175 1149 1259 1215 inita
1282 1149 1360 1214 mihi

83 1255 243 1337 displicet,
273 1255 329 1334 qui
359 1255 540 1337 „Praesens
568 1259 708 1334 autem“,
739 1255 854 1335 inquit,
890 1259 1036 1337 „tempus
1068 1255 1209 1320 maxime
1236 1255 1360 1320 adcom-

82 1362 247 1427 modatum
274 1358 334 1440 est,
362 1361 447 1440 quod
474 1364 585 1425 orator
612 1359 647 1425 in
669 1361 730 1425 hac
753 1365 901 1425 extrema
923 1365 1018 1443 parte
1046 1360 1262 1426 accusationis
1289 1361 1360 1428 uix·

84 1468 159 1532 dum
181 1467 331 1532 absoluta
358 1466 588 1545 quodammodo
612 1465 648 1551 (·)
677 1464 775 1530 etiam
796 1484 882 1530 nunc
903 1466 1032 1533 uersari
1054 1466 1215 1533 videtur“.
1260 1467 1359 1531 Immo

85 1571 236 1655 apposuit
264 1573 406 1650 uerbum,
434 1570 489 1650 qui
517 1570 668 1637 similiter
694 1572 805 1653 lapsus
834 1575 932 1651 atque
959 1572 1101 1637 editores
1128 1572 1178 1636 illi
1204 1572 1303 1637 etiam
1326 1572 1360 1636 iu

84 1678 135 1743 his
158 1675 196 1762 ἕξ
219 1676 413 1742 Aeschinem
436 1678 475 1742 de
495 1677 671 1742 sceleribus
689 1677 827 1759 publicis
848 1677 1076 1743 Demosthenis
1100 1697 1198 1761 agere
1220 1677 1359 1760 putavit.

171 1784 340 1849 Postremo
362 1781 459 1848 huius
481 1783 588 1864 partis
611 1784 680 1849 loco
704 1793 862 1865 superest,
890 1789 927 1849 ut
950 1788 1135 1864 quaeratur,
1163 1803 1246 1864 quae
1274 1783 1359 1849 ratio

83 1890 170 1956 inter
193 1889 333 1971 priorem
356 1894 390 1954 et
413 1891 551 1954 alteram
573 1909 701 1954 manum
716 1889 843 1955 codicis
870 1891 909 1953 F
927 1889 1119 1955 intercedat.
1150 1890 1200 1954 Ac
1223 1889 1360 1970 primum
1386 1894 1390 1903 '

83 1996 220 2076 quidem,
252 2014 334 2075 quae
365 1995 455 2077 prior
482 2013 596 2060 manus
625 1994 734 2060 omisit
761 1999 795 2059 et
822 1995 963 2060 secunda
995 2000 1084 2061 recte
1115 1995 1251 2074 addidit,
1283 1999 1361 2059 sunt

82 2103 176 2167 haec:
199 2099 289 2186 §lot
313 2100 344 2165 οἱ
366 2100 439 2186 (om.
457 2119 580 2166 νννννν
603 2105 637 2165 et
659 2120 707 2181 pr.
731 2100 798 2186 F),
821 2097 911 2184 521:
934 2094 990 2172 τὰς
1013 2100 1086 2186 (om.
1106 2121 1155 2182 pr.
1179 2100 1247 2186 F);
1270 2098 1359 2185 §w

85 2200 244 2290 ἀπολέσας
271 2206 344 2292 (om.
369 2227 396 2272 a
419 2208 448 2270 lc
475 2210 508 2270 et
536 2225 585 2287 pr.
610 2205 677 2292 F);
709 2202 728 2289 ξ
754 2210 807 2269 78:
835 2199 875 2268 τὰ
903 2204 976 2290 (tm.
999 2226 1048 2288 pr.
1074 2206 1139 2292 F);
1171 2204 1190 2291 ξ
1214 2212 1270 2270 81;
1298 2210 1361 2267 τῶν

83 2312 184 2395 φίλων
212 2314 285 2399 (om.
308 2333 355 2395 pr.
382 2311 450 2397 F);
478 2308 576 2395 §dd
605 2307 740 2397 χάριτας,
771 2305 837 2374 ἀλλ’
866 2304 979 2397 ἐπειδὴ
1007 2313 1131 2398 διέβητε
1154 2312 1227 2398 (om.
1250 2333 1298 2394 pr.
1326 2313 1364 2374 F

83 2423 118 2485 et
139 2440 188 2502 pr.
212 2417 370 2504 Later.);
392 2415 411 2502 ξ
430 2423 486 2482 89;
510 2414 667 2480 διαλιπών
689 2416 762 2502 (om.
781 2437 830 2499 pr.
850 2417 916 2503 F);
939 2415 1029 2502 §95:
1053 2412 1110 2504 γὰρ
1133 2417 1206 2503 (om.
1225 2438 1273 2500 pr.
1296 2416 1362 2503 F);

83 2524 195 2610 §th
220 2525 298 2610 φησὶ
321 2522 393 2609 (om.
409 2543 437 2588 a
456 2527 490 2588 et
507 2543 556 2604 pr.
569 2521 637 2607 F),
660 2519 679 2606 ξ
705 2527 781 2586 110:
804 2524 858 2586 καὶ
881 2523 954 2608 (om.
969 2544 1016 2605 pr.
1033 2523 1095 2609 F).
1140 2524 1213 2588 Huc
1236 2522 1362 2587 accedit

83 2632 182 2710 locus,
205 2630 261 2696 ubi
283 2631 425 2695 secunda
447 2647 561 2693 manus
585 2628 841 2693 additamentum
863 2629 982 2710 prioris
1006 2629 1135 2697 deleuit.
1171 2625 1190 2713 ξ
1214 2627 1299 2693 enim
1319 2634 1359 2692 81

84 2736 175 2818 prior
202 2754 316 2801 manus
339 2733 459 2800 codicis
482 2734 522 2797 F
541 2752 612 2798 cum
634 2735 702 2799 cod.
725 2737 761 2814 h,
789 2736 875 2815 quod
901 2753 1005 2815 neque
1033 2733 1230 2800 constructio
1258 2752 1362 2813 neque

84 2841 248 2908 sententia
266 2840 433 2905 intellecta
451 2843 512 2919 est,
530 2839 619 2904 inter
637 2833 776 2925 πονηρὸς
794 2844 829 2905 et
846 2834 959 2912 πιστὸς
977 2840 1171 2922 particulam
1190 2839 1363 2904 aolinter·

83 2947 202 3030 posuit,
230 2945 372 3012 secunda
398 2963 512 3015 manus
540 2945 682 3013 sustulit.
727 2946 805 3027 Ipsa
834 2951 942 3012 autem
970 2947 1112 3012 secunda
1138 2964 1252 3010 manus
1280 2945 1363 3011 nihil

84 3053 212 3119 addidit
234 3052 317 3132 falsi,
341 3051 405 3117 uisi
427 3053 512 3132 quod
533 3049 552 3136 ἓ
576 3057 648 3132 195,
671 3056 708 3117 ut
731 3070 832 3134 supra
854 3052 1002 3131 uidimus
1025 3052 1159 3119 uerbum
1183 3057 1363 3132 στεφανοῦν

83 3159 119 3226 in
140 3158 287 3242 margine
309 3157 440 3225 uidetur
464 3156 687 3239 adscripsisse.
723 3158 773 3223 Ac
791 3176 833 3223 ne
852 3157 913 3236 cui,
932 3158 1016 3237 quod
1034 3157 1123 3222 ultra
1141 3154 1160 3241 ξ
1177 3163 1240 3222 110
1261 3160 1363 3223 sclam

84 3263 103 3351 ξ
128 3269 189 3330 195
214 3264 321 3344 attuli,
352 3263 468 3329 mirum
496 3263 549 3343 sit,
576 3263 653 3328 iude
680 3265 722 3328 ab
744 3263 802 3328 illa
829 3261 848 3348 ξ
871 3265 1044 3329 secundam
1070 3283 1198 3328 manum
1225 3283 1362 3346 perraro

85 3371 207 3452 aliquid
229 3375 372 3436 mutasse
394 3388 498 3450 neque
521 3369 694 3450 quidquam
715 3369 825 3436 verbis
850 3369 1016 3435 addidisse
1039 3374 1097 3434 aut
1119 3388 1162 3434 ex
1184 3369 1232 3434 eis
1256 3375 1364 3434 sustu·

83 3477 163 3544 lisse
187 3477 277 3543 scito.

173 3584 264 3649 Haec
278 3583 313 3648 in
325 3581 419 3647 libris
435 3581 616 3647 orationum
630 3580 802 3646 Aeschinis
818 3580 931 3662 spuria
948 3581 1056 3646 inesse
1074 3580 1153 3646 mihi
1172 3600 1363 3662 persuasum

86 3693 150 3769 est;
173 3708 277 3770 pauca
292 3707 379 3768 sane,
399 3688 428 3753 si
447 3707 595 3769 comparo
611 3707 681 3752 cum
696 3686 753 3766 eis,
773 3706 855 3767 quae
869 3686 1014 3752 homines
1029 3687 1116 3752 docti
1130 3686 1226 3752 huius
1240 3687 1363 3752 aetatis

85 3795 160 3861 eiici
186 3793 255 3860 iere
281 3794 403 3860 iubent.
454 3792 518 3858 Sed
545 3792 580 3858 in
607 3794 668 3858 hac
695 3813 740 3873 re,
769 3793 908 3858 maxime
936 3793 965 3857 si
992 3793 1069 3873 quid
1097 3793 1137 3859 de
1164 3793 1363 3858 auctoritate

85 3900 229 3967 codicum
251 3919 294 3965 ex
317 3899 364 3964 eis
388 3899 577 3965 concludere
599 3899 755 3978 volumus,
778 3900 955 3966 cavendum
979 3903 1037 3978 est,
1060 3903 1097 3963 ut
1120 3902 1256 3977 tantum,
1279 3917 1363 3977 quae

85 4005 222 4073 retineri
253 4009 425 4085 nequeunt,
457 4005 608 4070 tollamus
639 4023 722 4072 neue
750 4004 932 4084 quidquam,
965 4009 1002 4069 ut
1033 4023 1132 4085 saepe
1163 4003 1363 4069 recentiores

86 4112 192 4178 critici
213 4111 346 4191 faciunt,
368 4112 430 4176 hac
452 4129 518 4176 una
540 4111 580 4176 de
603 4129 710 4190 causa,
733 4112 818 4190 quod
840 4111 932 4178 salua
955 4110 1119 4176 sententia
1142 4109 1226 4175 abici
1248 4109 1363 4191 possit,

86 4218 258 4283 deleamus

89 4440 164 4536 ι
