2896 4830
621 185 843 244 -ne-
1272 134 1334 258 λ

96 373 244 438 mendum
267 372 332 438 nisi
355 392 432 438 casu
454 373 489 438 in
511 375 612 440 verba
634 374 780 456 irrepere
802 394 867 440 non
889 394 993 456 posse,
1018 375 1050 442 O.
1070 375 1235 442 Scheibius
1259 376 1360 461 (Jahn

96 479 225 543 Annall.
248 481 309 546 vol.
331 485 371 544 68
395 500 425 562 p.
448 479 525 565 153)
548 484 637 545 recte
660 480 796 560 monuit;
820 482 878 546 sed
901 482 940 546 ob
963 482 1047 546 hanc
1070 501 1199 546 causam
1221 503 1279 564 pro
1302 479 1356 546 ἐστ

95 589 222 669 μέτριος
245 585 387 650 scribere
409 591 535 671 μέτριος
557 583 626 649 ε’στί
647 591 760 651 contra
778 586 874 652 fidem
893 586 1031 651 omnium
1051 587 1194 652 codicum
1217 587 1369 653 attdacius

97 694 156 756 est.
188 692 301 756 Nonne
320 691 405 757 enim
421 711 467 756 ex
486 692 592 772 aliquo
611 693 807 774 glossemate
829 692 1027 774 praepositio
1048 712 1218 774 superesse
1240 693 1375 776 potestl,
1409 754 1410 759 ,

97 834 140 843 -
172 797 220 861 Re
252 816 332 864 vera
358 798 607 863 Demosthenem
634 799 816 864 rationibus
844 797 1023 864 referendis
1057 799 1230 864 obnoxium
1261 799 1380 880 tuisse.

97 923 168 968 cum
192 902 368 983 Ctesiphon
392 903 508 969 scitum
531 904 611 969 illud
634 909 775 988 rogaret,
798 905 977 970 Aeschines
1000 902 1019 990 ξγ
1042 910 1085 969 24
1109 925 1151 970 ex
1172 904 1294 971 tabulis
1318 925 1372 988 pu-

96 1008 189 1074 blicis
219 1009 353 1074 edocere
382 1016 525 1075 conatur.
570 1011 678 1094 Quare
706 1014 761 1073 καί
786 1033 849 1090 μοι,
877 1011 991 1090 inquit,
1022 1004 1187 1091 ἀνάγνωθι,
1211 1009 1268 1076 ἐπὶ
1290 1016 1372 1084 τίνος
1408 1055 1410 1066 ·

98 1112 246 1201 ἄρχοντος
278 1117 331 1177 καὶ
344 1199 345 1202 ¹
358 1112 454 1178 Ιποίου
481 1110 578 1202 μηνὸς
605 1118 658 1178 καὶ
687 1112 721 1178 ἓν
748 1120 809 1179 τίνι
836 1109 940 1202 ήμίρα
972 1118 1024 1179 καὶ
1052 1113 1087 1180 ἐν
1114 1121 1194 1201 ποίη
1226 1113 1372 1203 ἐκκλησίᾳ

96 1215 321 1306 ἐχειροτονήθη
340 1226 551 1308 Δημοσθένης
569 1216 626 1307 τήν
647 1215 744 1307 ἀρχήν
766 1215 823 1307 τήν
842 1219 898 1286 ἐπὶ
916 1226 961 1307 τήν
978 1226 1131 1308 θεωρικῷ.
1163 1224 1202 1288 In
1226 1222 1372 1288 omnibus

96 1327 190 1392 libris
213 1332 345 1409 praeter
368 1331 616 1393 elchour.
640 1327 752 1392 addita
776 1334 852 1393 sunt
874 1331 987 1396 rerba:
1011 1323 1070 1393 ὅτι
1092 1333 1283 1410 μεσοῦντα
1307 1322 1373 1413 τήν

99 1427 214 1520 ἀρχήν
238 1429 406 1519 ἔγραψεν
429 1427 545 1497 αὐτὸν
568 1439 783 1515 στεφανοῦν
808 1427 1058 1514 ἀναγίγνωσκε
1082 1436 1372 1522 (chloBar'b.

98 1533 360 1624 ἀναγιγνώσκετε).
389 1541 429 1604 Id
452 1539 707 1605 additamentum
729 1539 875 1622 ineptum
899 1560 971 1606 esse
993 1561 1085 1607 nemo
1104 1562 1169 1608 non
1186 1540 1286 1609 videt.
1314 1541 1373 1606 Ne

97 1665 159 1727 que
182 1645 266 1710 enim
285 1645 463 1711 Aeschines
484 1648 706 1711 demonstrare
725 1648 797 1714 vult
814 1647 1063 1713 Demosthenem
1087 1650 1197 1713 eodem
1220 1653 1372 1729 tempore,

97 1771 159 1832 quo
175 1752 215 1815 ct
201 1751 350 1832 tesiphon
365 1751 408 1815 ad
422 1754 574 1841 populum
588 1752 728 1831 tulisset,
743 1757 780 1817 ut
794 1771 865 1817 eum
881 1759 1060 1833 coronaret,
1079 1773 1210 1819 munere
1229 1752 1373 1819 functum

98 1858 594 1936 esse‚sednondum1ationes
621 1859 799 1938 rettulisse,
828 1864 865 1923 ut
887 1878 905 1924 e
927 1859 1037 1924 verbis
1065 1878 1257 1943 cognoscere
1285 1860 1373 1925 licet:

98 1959 146 2026 ὅτι
177 1960 246 2026 δ”
233 1960 329 2045 όντως
361 1952 398 2050 ήν
430 1957 656 2037 ὑπεύθυνος
642 1989 658 2027 ο
686 1968 905 2051 Δημοσθένης,
939 1958 991 2029 ὅθ’
1026 1963 1117 2037 οὗτος
1149 1961 1306 2051 εἰσήνεγκε
1338 1958 1373 2028 τὸ

100 2064 260 2156 ψήφισμα,
285 2063 390 2154 ἀρχήν,
421 2065 522 2155 ἄρχων
546 2070 580 2134 δε
603 2064 660 2156 τήν
683 2076 745 2133 τῶν
767 2075 964 2150 τειχοποιῶν,
988 2064 1157 2158 οὐδετέρας
1180 2073 1217 2134 δέ
1236 2095 1290 2133 που
1313 2073 1374 2133 τῶν

99 2169 201 2260 αρχῶν
223 2171 342 2238 τούτων
365 2170 455 2255 λόγον
479 2169 555 2255 ὑμῖν
574 2170 640 2240 οὔθ
662 2171 802 2249 εὐθύνας
820 2172 969 2265 Arginusis,
991 2179 1080 2241 ταῦτ’
1101 2173 1160 2262 ηδη
1181 2171 1375 2263 πειράσομαι

99 2275 180 2361 ὑμᾶς
208 2276 371 2346 διδάσκειν.
422 2282 530 2361 Atque
558 2283 619 2347 hoc
646 2283 765 2365 optime
797 2284 1013 2349 demonstrari
1044 2283 1160 2366 potuit,
1192 2282 1221 2347 si
1249 2286 1375 2364 tempus

99 2387 321 2467 definiebatur,
349 2407 411 2468 quo
434 2389 668 2453 Demosthenes
692 2393 820 2454 creatus
844 2392 924 2467 erat,
952 2389 1102 2468 quoniam
1130 2394 1257 2470 tempus
1280 2390 1375 2455 unius

99 2494 251 2572 cuiusque
275 2493 427 2573 muneris
455 2494 606 2574 quamdiu
630 2500 717 2585 esset
740 2494 972 2574 sustinendum,
1001 2495 1214 2561 constitutum
1242 2501 1316 2560 erat
1343 2499 1376 2560 et

98 2600 187 2665 intra
209 2599 350 2682 triginta
372 2599 450 2679 dies,
478 2605 649 2682 postquam
677 2619 713 2666 eo
741 2600 925 2665 abdicatum
948 2605 1030 2679 erat,
1058 2600 1202 2666 rationes
1230 2619 1376 2683 reposce·

32 2760 34 2765 .
98 2707 226 2770 bantur.
263 2706 353 2788 Ergo
376 2707 477 2772 uerba
500 2698 548 2768 ὅτι
570 2756 879 2771 ..................
902 2701 1083 2786 γιγνώσκετε
1107 2711 1183 2772 sunt
1205 2707 1375 2789 glossema,

99 2812 183 2891 quod
207 2811 306 2876 etiam
329 2810 438 2876 codice
455 2814 483 2876 1ο
502 2812 674 2891 indicatur,
698 2812 753 2892 qui
775 2830 814 2877 ea
832 2811 867 2877 in
885 2812 1032 2894 margine
1051 2816 1085 2877 et
1103 2832 1162 2894 pro
1173 2812 1375 2895 imperativo

100 2910 304 2996 ἀναγίγνωσκε
336 2917 548 2985 indicativum
582 2911 837 2997 ἀναγιγνώσκεται
874 2918 1015 2984 exhibet.
1069 2917 1181 2983 Genus
1212 2939 1290 2986 vero
1325 2923 1376 2985 ab
1408 2936 1410 2941 ·

98 3023 312 3090 indicativum
336 3018 601 3103 ἀυαγιγνώσκεται,
630 3023 685 3103 qui
708 3029 780 3088 erat
803 3024 836 3089 in
860 3024 1045 3106 archetypo,
1073 3023 1213 3092 mutavit
1240 3025 1275 3089 in
1304 3019 1375 3088 ἀνα-

99 3133 253 3209 γίγνωσκε,
277 3135 391 3195 contra
409 3149 512 3213 genus
531 3131 602 3194 Mu
617 3129 699 3194 nihil
717 3130 864 3208 mutavit,
887 3130 952 3195 nisi
975 3131 1060 3210 quod
1083 3149 1194 3194 errore
1213 3130 1376 3196 scribendi

50 3220 53 3225 ’
100 3256 116 3298 ε
139 3256 197 3317 pro
222 3259 254 3300 αι
281 3235 399 3323 ppsuit.
432 3274 475 3282 -
506 3235 589 3320 §62
624 3253 733 3300 omnes
760 3234 837 3299 libri
864 3241 997 3317 praeter
1025 3237 1096 3300 οΙο
1118 3238 1133 3299 l
1160 3240 1234 3317 post
1261 3238 1375 3303 verba:

101 3338 222 3429 ἔγραψε
247 3336 441 3428 Φιλοκράτης
468 3338 584 3417 ἐξεῖναι
610 3341 764 3425 Φιλίππῳ
788 3342 880 3426 δεῦρο
903 3335 1021 3426 κήρυκα
1045 3344 1097 3417 καὶ
1119 3346 1268 3426 πρέσβεις
1294 3347 1375 3423 πέμ-

100 3468 175 3511 τιειυ
197 3451 274 3535 περὶ
297 3445 421 3534 εἰρήνης
443 3447 658 3512 εᾶᾶίίεοοοίι
676 3449 738 3510 καί
761 3451 987 3527 συμμαχίας.
1021 3447 1085 3512 Sed
1107 3447 1310 3513 Philocrates
1334 3448 1376 3512 ad

100 3556 252 3636 populum
274 3555 360 3634 tulit,
387 3559 425 3618 ut
446 3553 596 3635 Philippo
625 3557 752 3618 tantum
781 3554 821 3618 de
847 3572 928 3635 pace
955 3554 1081 3635 legatos
1109 3553 1262 3618 mittendi
1285 3553 1377 3635 copia

101 3661 249 3739 daretur3
274 3661 355 3727 illud
383 3667 491 3727 autem
519 3662 571 3723 καὶ
595 3661 671 3744 περὶ
694 3664 875 3740 συμμαχίας
897 3658 1164 3724 Demosthenes
1154 3677 1189 3723 οι
1213 3677 1270 3723 suo
1295 3659 1377 3724 scito

23 3836 26 3840 ,
101 3765 230 3845 adiecit,
258 3772 296 3832 ut
322 3767 431 3834 verbis
460 3769 701 3868 demonstratur
728 3765 866 3847 primum
892 3765 911 3850 ξ
935 3771 990 3830 68;
1018 3756 1150 3829 ευταυθ
1179 3759 1287 3849 ἕτερον
1317 3760 1377 3851 ψή-

101 3868 204 3954 φισμα
223 3877 293 3957 νικᾷ
311 3877 529 3960 Δημοσθένης,
552 3894 587 3936 εν
607 3855 631 3957 ᾧ
653 3867 765 3957 γράᾳει
783 3865 829 3957 μή
847 3867 944 3951 μόνον
967 3865 1050 3955 νπὲρ
1067 3872 1123 3954 τής
1127 3863 1273 3994 εἰρήνης
1299 3863 1379 3933 ἀλλὰ

101 3981 154 4042 καὶ
177 3984 357 4059 συμμαχίας
380 3973 462 4060 ὑμᾶς
484 3973 738 4062 βουλευσασθαι·
761 3977 877 4043 deinde
899 3972 1137 4062 §§64-65:
1121 3971 1298 4061 επροίττετο
1321 3970 1378 4060 γὰρ

101 4135 323 4149 .............
339 4078 419 4171 πρὸς
436 4079 633 4169 Φιλοκράτην
651 4106 704 4147 και
695 4087 941 4169 Δημοσθένην.
954 4132 960 4146 .
973 4133 979 4146 .
991 4132 1013 4146 ..
1027 4133 1051 4147 ..
1065 4103 1194 4168 πρωτον
1212 4080 1272 4162 μὲν
1291 4075 1378 4153 ὅπως

101 4241 285 4255 ...........
306 4189 371 4275 ἰδία
390 4186 571 4278 ποιήσησθε
590 4183 647 4276 τήν
667 4186 800 4276 εἰρήνην,
821 4185 969 4274 δεύτερον
987 4191 1014 4253 δ’
1035 4182 1122 4261 ὅπως
1139 4181 1185 4273 μή
1203 4183 1302 4268 μόνον
1319 4180 1377 4271 τήν

101 4292 228 4383 εἰρήνην
252 4291 406 4361 ἀλλὰκαὶ
430 4302 614 4381 συμμαχίαν
641 4289 723 4360 εἶναι
748 4299 926 4383 ψηφιεῖσθε
955 4289 1036 4382 πρὸς
1061 4294 1232 4360 Φίλιππον.
1279 4292 1378 4359 Deni-

83 4474 122 4544 k
