2896 4830
41 32 70 289 l

59 405 205 486 sativum,
232 405 287 487 qui
310 408 350 472 ab
374 426 411 472 eo
434 407 598 489 penderet,
625 407 757 477 videtur
784 407 952 491 putavisse
974 405 1149 488 —paullo
1173 403 1256 471 enim
1280 405 1333 470 oh-

58 511 183 578 scurius
205 512 286 579 dicit
308 551 359 594 -,
387 515 472 595 quod
494 535 559 580 non
581 515 673 580 modo
697 515 861 582 sententia
887 515 1022 583 verbum
1049 530 1113 578 non
1135 511 1247 591 ferret,
1275 511 1333 577 sed

10 652 20 707 ρ
57 617 155 685 etiam
176 619 220 700 id,
243 622 327 701 quod
345 621 529 704 appositum
548 626 644 704 esset,
666 621 701 687 in
719 621 919 689 nominativo
938 624 1095 686 exstaret.
1127 619 1334 693 Hamakcrus

57 730 174 806 autem,
202 727 257 807 qui
284 720 321 790 τὸ
345 777 444 791 ......
469 736 600 813 σημεῖον
627 728 805 795 subiectum
834 747 905 794 esse
934 730 968 792 et
989 724 1186 793 infinitivum
1215 725 1257 790 ad
1280 725 1334 790 ad-

55 831 209 900 iectivtnn
222 826 330 896 ἱκανὸν
349 838 514 916 spectaret
528 840 684 916 censeret,
704 855 775 901 enm
789 834 935 914 removit,
951 834 1036 915 quod
1050 832 1222 899 ridiculum
1237 835 1334 910 esset,

56 939 151 1019 quasi
173 941 291 1005 malurn
314 959 405 1006 omen
428 939 534 1023 ipsum
557 948 669 1025 posset
691 961 822 1021 cavere,
838 961 909 1007 cum
928 945 1056 1007 tantum
1075 938 1156 1004 alios
1179 941 1334 1017 moneret,

56 1050 93 1109 ut
116 1051 279 1112 caverent.
317 1047 512 1131 Quocunque
534 1048 638 1132 igitur
659 1050 752 1115 modo
775 1050 876 1116 verba
899 1047 1129 1130 coniungimus,
1151 1043 1333 1110 infinitivus

57 1146 263 1231 φυλάξασθαι
290 1153 484 1220 reficiendus
513 1159 572 1235 est,
600 1175 693 1237 quem
722 1155 847 1236 aliquis,
876 1153 931 1235 qui
957 1155 1059 1220 verba
1084 1155 1192 1218 mente
1220 1168 1334 1231 parum

56 1258 214 1340 percepit,
238 1277 257 1324 e
278 1259 445 1342 superiore
467 1279 565 1328 versu
588 1263 776 1345 desumpsit.
800 1301 843 1310 —
865 1259 963 1346 §252
988 1261 1027 1326 de
1050 1261 1219 1337 Leocrate,
1242 1274 1337 1336 quem

56 1365 230 1448 Lycurgus
259 1372 479 1447 accusaverat,
507 1368 685 1434 Aeschines
713 1368 805 1436 dicit:
833 1365 863 1432 εἰ
890 1366 924 1431 δὲ
951 1370 1010 1448 μία
1037 1360 1135 1447 μόνον
1157 1368 1336 1444 μετέπεσεν

56 1464 245 1556 ὑπερώριστ’
270 1464 308 1534 ἀν
330 1464 350 1538 ἀ
375 1466 581 1539 ἀπέθανεν.
627 1477 748 1542 Locum
777 1478 963 1556 corruptum
991 1491 1063 1539 esse
1086 1469 1278 1536 Schaeferus
1300 1468 1336 1534 in

56 1578 223 1644 Demosth.
245 1578 303 1646 vit.
325 1580 397 1647 libr.
421 1582 451 1646 V
480 1600 547 1664 cap.
571 1584 636 1650 VH
663 1603 693 1665 p.
717 1587 780 1648 201
810 1583 1019 1647 demonstrat.
1070 1575 1222 1662 Quisquis
1252 1575 1337 1641 enim

57 1683 92 1748 in
109 1683 172 1748 tali
190 1703 297 1765 causa,
316 1686 421 1768 qualis
431 1687 601 1755 Leocratis
620 1689 691 1771 fuit,
711 1688 828 1771 capitis
848 1689 1071 1766 damnabatur,
1087 1687 1183 1750 extra
1192 1681 1337 1748 Atticam

57 1789 285 1872 sepeliebatur,
317 1797 354 1858 ut
380 1795 441 1860 hoc
467 1796 537 1861 loco
564 1795 696 1862 notione
724 1789 905 1859 ἀποθανεῖν
931 1793 1020 1860 notio
1048 1785 1245 1877 ἀπερορίζειν
1271 1788 1337 1854 iarn

57 1895 265 1963 contineatur
292 1917 395 1979 neque
428 1903 533 1967 altera
565 1902 635 1968 sine
667 1904 773 1968 altera
805 1901 943 1985 cogitari
974 1898 1088 1982 possit.
1137 1897 1204 1962 Nec
1230 1894 1337 1960 minus

56 2003 176 2071 falsum
203 2008 262 2084 est,
291 2007 376 2086 quod
402 2007 630 2090 Harpocratio,
659 2028 751 2090 quem
780 2009 974 2074 Benselerus
1002 2004 1157 2086 sequitur,
1183 2000 1336 2068 tradidit:

56 2113 119 2175 καὶ
149 2104 323 2191 ἀπέθανεν,
353 2130 424 2177 curn
448 2113 486 2194 ei,
514 2114 570 2195 qui
592 2120 696 2181 morte
718 2115 849 2182 multati
872 2119 975 2193 erant,
1002 2115 1207 2190 necarentur,
1234 2108 1338 2192 prius·

57 2236 154 2298 qnam
177 2222 274 2284 extra
295 2218 377 2285 fines
400 2223 625 2302 portabantur.
657 2223 774 2302 Itaque
796 2223 930 2289 verbum
954 2214 1134 2284 ἀποθανεῖν
1156 2219 1198 2282 ab
1222 2215 1338 2296 aliquo,

56 2323 112 2405 qui
135 2317 333 2411 ἀπερορίζειν
360 2326 573 2409 interpretari
600 2328 714 2409 voluit,
742 2328 926 2411 appositum
950 2331 1001 2392 est
1024 2330 1057 2390 et
1079 2325 1114 2390 in
1136 2326 1238 2391 verba
1260 2341 1339 2388 casn

56 2430 204 2512 irrepsit.
236 2470 280 2480 -
310 2431 329 2517 ξ
358 2437 421 2497 257
455 2433 604 2501 Solonem
634 2435 738 2502 fuisse
769 2433 906 2517 legimus
938 2425 994 2495 τὸν
1025 2430 1200 2502 καλλίπαις
1230 2424 1339 2509 νόμοις
1424 2450 1427 2457 ’

57 2534 260 2623 κοσμήσαντα
269 2532 327 2624 τὴν
337 2540 557 2625 δημοκρατίαν,
572 2538 669 2627 ἄνδρα
680 2538 855 2624 φιλόσοφον
869 2541 931 2604 καὶ
944 2541 1165 2622 νομοθέτην
1183 2528 1338 2614 ἀγαθόν.

56 2644 265 2710 Hamalrerus
280 2643 492 2730 (Mnemosyn.
506 2650 568 2716 vol.
577 2650 643 2716 VH
657 2669 687 2731 p.
697 2648 778 2735 452)
793 2653 826 2713 et
841 2646 1023 2712 Schultzius
1038 2641 1189 2730 (praefat.
1199 2661 1229 2723 p.
1239 2639 1339 2726 XIII)
1415 2718 1418 2723 ,

57 2755 93 2816 et
118 2745 216 2835 ἄνδρα
238 2746 414 2833 φιλόσοφον
442 2758 476 2818 et
502 2757 555 2818 καὶ
581 2759 763 2842 νομοθέτην
787 2747 908 2834 ἀγαθόν
936 2751 1079 2818 tollenda
1107 2767 1179 2815 esse
1207 2750 1340 2830 putant3

57 2860 159 2936 atque
177 2857 238 2922 hoc
256 2857 397 2938 quidem:
420 2861 473 2923 καὶ
491 2864 672 2948 νομοθέτην
691 2856 814 2943 ἀγαθόν
836 2864 870 2927 et
892 2859 962 2942 ipse
985 2860 1100 2924 abesse
1122 2855 1228 2934 veHm,
1252 2853 1337 2934 quod

54 2963 144 3028 idem
172 2968 224 3029 cst
251 2968 348 3044 atque
379 2959 435 3028 τὸν
462 2966 638 3040 καλλίστοις
665 2965 772 3049 νόμοις
799 2962 1001 3052 κοσμήσαντα
1027 2958 1086 3048 την
1113 2964 1334 3048 δημοκρατίαν.
1378 3040 1381 3045 Ι

56 3069 125 3136 Sed
147 3089 204 3135 cur
233 3066 330 3157 ἀνδρα
352 3069 528 3155 φιλόσοφον
555 3076 712 3155 deleatur,
741 3093 870 3140 causam
897 3092 962 3141 non
988 3071 1092 3150 video,
1119 3087 1224 3149 neque
1251 3065 1336 3132 enirn

56 3176 145 3256 quod
158 3177 362 3244 Hamakerus
382 3180 492 3260 sentit,
508 3180 743 3264 philosophiam
759 3180 864 3248 aviro
879 3179 913 3245 in
928 3177 1036 3244 causis
1056 3181 1090 3242 et
1106 3176 1142 3242 in
1156 3195 1193 3241 re
1207 3173 1337 3257 publica

54 3287 190 3350 versato
213 3282 351 3350 alienam
375 3304 447 3352 esse
469 3287 585 3368 probo;
611 3287 707 3354 immo
730 3287 816 3354 idem
837 3286 894 3352 ille
917 3285 1023 3365 Solon,
1051 3303 1130 3363 cnm,
1157 3281 1336 3346 othelium

56 3387 225 3454 Cirrhaeis
240 3394 274 3455 et
284 3390 468 3474 Oragalidis
482 3392 651 3474 inferrent,
666 3392 957 3478 Amphictyonibus
972 3391 1134 3468 suaderet,
1149 3407 1219 3454 cum
1233 3386 1336 3470 igitur

54 3494 153 3560 inre
180 3496 310 3577 publica
336 3504 534 3579 versaretur,
561 3497 580 3585 ᾗ
606 3505 669 3566 108
697 3502 773 3586 περὶ
795 3505 924 3586 ποίησιν
946 3500 999 3562 καὶ
1022 3497 1213 3579 φιλοσοφίαν
1235 3495 1335 3557 ἀνατε-

54 3596 175 3687 rorpah
197 3603 391 3671 nominatur.
419 3608 468 3672 Ac
489 3625 531 3672 ne
553 3606 588 3672 id
607 3608 734 3689 quidem
754 3606 936 3674 Schultzius
960 3609 1049 3673 recte
1071 3600 1236 3669 censuisse
1257 3597 1337 3664 mihi

54 3708 198 3789 videtur,
226 3710 482 3779 additamentum
505 3733 548 3781 ex
569 3712 589 3800 ξ
614 3720 676 3781 108
701 3719 863 3797 sumptum
886 3732 967 3792 esse,
989 3731 1064 3778 narn
1087 3709 1116 3776 si
1139 3707 1211 3791 quis
1234 3707 1274 3772 de
1297 3724 1336 3772 eo

54 3817 128 3883 loco
147 3817 368 3900 cogitavisset,
391 3824 480 3886 certe
499 3820 597 3887 etiam
615 3816 752 3906 ποιητήν
770 3819 1012 3903 adscripsisset3
1035 3818 1092 3883 sed
1110 3815 1208 3883 alicui
1225 3832 1336 3882 vocem

55 3926 244 4010 νομοθέτης,
272 3944 369 4006 quam
392 3945 462 3992 cum
484 3926 612 3993 nomine
635 3925 761 3992 Solonis
785 3926 969 3993 sexcenties
996 3923 1089 4008 iungi
1115 3922 1208 4002 vidit,
1237 3921 1336 3987 etiam
1405 3936 1408 3941 ’

53 4030 209 4098 hocloco
232 4051 353 4114 ponere
375 4034 410 4098 in
432 4038 571 4099 mentem
593 4033 723 4101 venisse
745 4033 936 4115 putaverim.

147 4137 262 4203 Plures
291 4139 418 4221 spurios
445 4141 533 4207 locos
561 4139 730 4224 archetypi
762 4159 805 4205 ex
831 4141 892 4206 hac
919 4137 1066 4205 oratione
1098 4135 1244 4203 conferre
1271 4152 1336 4199 non

54 4244 172 4324 ausim,
194 4264 245 4325 ne,
268 4264 349 4326 quae
374 4247 576 4328 dubiosum,
598 4251 750 4327 tractem3
772 4245 884 4328 itaque
901 4251 1034 4312 transeo
1052 4245 1096 4310 ad
1114 4243 1337 4311 additamenta
1422 4302 1425 4307 .

53 4351 259 4436 singulorum
287 4352 430 4419 codicum
458 4371 621 4438 generum,
648 4372 731 4434 quae
758 4353 793 4420 in
815 4355 876 4421 hac
899 4352 1055 4434 oratione,
1083 4370 1154 4419 cum
1181 4350 1290 4418 codice
1317 4352 1336 4417 t
1425 4384 1428 4411 ÷
