2896 4830
34 39 61 135 'c'

596 250 640 261 ..
688 217 727 278 17
774 251 817 261 ..

28 408 45 499 J
69 408 251 493 qnempiam
279 410 389 478 dativo
416 412 461 495 τῷ
488 411 650 495 στρατηγῷ
681 426 796 473 nomen
821 411 974 494 Προξένῳ
1003 408 1130 475 definiri
1162 430 1226 477 non
1253 411 1347 479 intel·

14 204 191 625 flexisse
219 522 253 582 et
280 517 473 599 particulam
501 518 553 580 καὶ
582 517 695 580 deesse
722 514 899 596 putavisse.
950 515 1053 599 Quam
1080 517 1255 583 stultitiam
1283 518 1347 585 etsi

68 627 176 689 mente
197 623 258 691 vix
280 623 485 705 concipimus,
508 628 617 688 tamen
641 620 746 687 simile
769 621 951 703 exemplum
973 619 992 705 ξ
1018 626 1060 686 74
1081 621 1292 691 inveniemus.

155 730 273 795 Plures
299 728 363 795 loci
389 728 582 811 interpolati
609 727 748 793 suntin
775 746 895 810 genere
922 731 948 793 ι’.
981 766 1023 773 -
1055 726 1074 813 ξ
1100 735 1139 793 72
1164 730 1198 795 in
1220 730 1305 797 libro
1327 734 1347 798 t

68 840 193 901 exstat:
217 831 372 910 ἐξέλιπον·
385 835 420 900 δὲ
439 831 637 924 Χερρόνησον
660 833 722 919 ζῆν
741 828 830 920 ἡμῶν
853 833 883 896 οἱ
901 832 1039 914 πολῖται,
1063 829 1121 920 τὴν
1143 824 1242 899 οὖσαν
1266 831 1345 919 ὡμο-

67 943 246 1027 λογημένας
264 935 440 1027 Ἀθηναίων.
470 942 556 1025 Quid
574 942 635 1006 hoo
653 945 716 1006 est:
741 941 757 1014 ζ
761 940 824 1026 do?
851 939 1107 1019 Reliqueruntne
1124 943 1344 1011 Athenienses

68 1048 312 1128 Chersonesum,
335 1053 372 1113 ut
394 1047 565 1116 viverent?
597 1048 707 1127 Immo,
730 1047 760 1112 si
782 1046 910 1126 quidem
933 1046 1000 1110 tale
1023 1046 1100 1126 quid
1123 1047 1230 1115 dicere
1253 1051 1344 1132 velis,

10 1134 17 1315 j
66 1174 108 1220 ne
134 1154 238 1222 vitam
266 1155 464 1221 amitterent.
510 1155 623 1220 Voluit
649 1155 687 1233 is,
716 1154 771 1235 qui
799 1153 934 1232 addidit,
962 1153 1049 1217 haud
1077 1154 1173 1220 dubie
1201 1156 1345 1224 scribere

68 1254 108 1332 ὡς
136 1264 235 1347 ξένην.
259 1301 302 1309 -
329 1259 348 1347 ᾗ
378 1267 440 1328 112
469 1265 544 1343 post
572 1264 720 1340 σπογγιᾶς
751 1260 786 1324 in
814 1259 964 1325 dedicet
993 1259 1138 1325 additum
1166 1266 1218 1326 est
1245 1254 1343 1344 οἶμαι,

10 1368 14 1399 ’·
67 1368 152 1448 quod
169 1367 311 1433 fortasse
330 1367 497 1449 quispiam,
516 1371 554 1433 ut
572 1386 670 1448 saepe
688 1365 734 1446 fit,
753 1366 787 1431 in
807 1365 994 1431 coniectura
1012 1385 1032 1430 a
1047 1384 1082 1430 se
1095 1364 1184 1432 facta
1202 1369 1344 1451 scripsit,

10 1455 12 1461 ¹
67 1492 138 1540 cum
157 1474 362 1539 enunciatum
385 1468 451 1537 οὐδ
475 1468 514 1546 ὡς
536 1466 726 1559 μνημονικὸς
749 1473 878 1558 (copula
896 1464 934 1552 εἶ,
954 1491 1036 1552 quae
1054 1474 1344 1556 abdFlolclqs

10 1573 16 1653 ἶ,
65 1582 193 1646 Baria
216 1581 319 1660 abest,
343 1579 475 1665 omissa)
503 1618 547 1627 —-
579 1576 701 1660 ἐγκώμι’
724 1571 806 1643 εἶναι
833 1580 1093 1661 praeponendum
1117 1599 1189 1645 esse
1211 1585 1344 1662 putaret

66 1685 240 1751 enunciato
264 1679 330 1750 οὐδ
354 1680 394 1757 ὡς
417 1679 516 1757 δεινὸς
538 1724 583 1733 -
605 1678 694 1750 εἶναι.
744 1686 887 1752 Verbum
910 1686 944 1750 in
968 1684 1147 1752 orationem
1169 1687 1344 1770 irrepsisse

65 1811 130 1858 non
153 1797 264 1874 potest
286 1792 350 1857 nisi
372 1791 765 1878 negligentiae-§147
789 1792 967 1857 Aeschines
991 1791 1120 1858 devita
1141 1794 1248 1874 patris
1272 1813 1343 1860 cum

65 1899 132 1964 alia
154 1903 271 1963 narrat
292 1903 362 1964 turn
385 1919 457 1964 enm
481 1893 656 1984 ἀριστεύειν
679 1900 705 1962 δ
728 1895 762 1962 ἐν
784 1906 850 1969 τοῖς
873 1893 1031 1970 κινδύνοις.
1064 1900 1176 1965 Codex
1197 1903 1216 1965 ν’
1238 1899 1343 1966 infini-

10 2046 12 2069 =
63 2003 168 2071 tivum
197 2002 396 2090 stippentur
424 2005 526 2084 addit,
554 2023 655 2085 quem,
684 2024 755 2070 cum
782 2005 870 2070 nullo
899 2005 991 2070 modo
1019 2005 1100 2072 ferri
1122 2006 1236 2088 possit,
1265 2025 1343 2073 casu

10 2118 19 2173 ῖ
63 2109 99 2175 in
126 2113 229 2178 verba
256 2130 291 2177 se
317 2111 537 2179 insinuavisse
565 2116 665 2193 patet,
698 2116 868 2193 postquam
896 2111 1013 2191 aliquis
1046 2114 1208 2196 apposuit,
1239 2118 1277 2179 ut
1307 2109 1343 2177 ἐν

10 2200 14 2301 s
63 2225 130 2289 τοῖς
152 2213 305 2290 κινδύνοις
331 2217 520 2300 explicaret,
548 2219 632 2298 quod
659 2218 692 2283 id
724 2217 778 2298 „in
801 2216 1014 2299 suscipiendis
1038 2220 1212 2302 periculis“
1243 2219 1342 2303 signi·

63 2322 163 2389 ficare
186 2328 220 2389 et
243 2344 302 2405 pro
325 2320 359 2388 ἒν
381 2329 426 2410 τῷ
448 2320 609 2397 κινδύνους
631 2322 796 2410 εἰληφέναι
824 2323 944 2403 dictum
972 2343 1044 2390 esse
1067 2326 1205 2408 putavit,
1233 2326 1282 2392 ita
1304 2331 1342 2392 ut

10 2450 12 2461 ·
62 2428 183 2496 Graeci
208 2425 297 2509 κακά,
325 2425 454 2516 πληγάς,
484 2425 626 2494 θάνατον
653 2425 827 2513 λαμβάνειν
854 2430 974 2495 dicunt.
1007 2469 1051 2478 -
1081 2433 1163 2498 Inde
1191 2431 1252 2519 αξ
1278 2438 1339 2499 172

10 2524 12 2629 j
61 2554 165 2616 usque
187 2535 230 2600 ad
248 2533 341 2620 §178
366 2541 477 2602 orator
500 2539 540 2603 de
558 2539 655 2603 rebus
670 2536 926 2616 Atheniensium,
951 2556 1033 2618 quae
1055 2537 1142 2603 inter
1160 2540 1246 2605 bella
1263 2540 1341 2605 Per·

10 2664 12 2675 ·
62 2660 172 2706 sarum
192 2646 226 2706 et
246 2661 337 2707 suam
357 2649 497 2709 aetatem
511 2648 625 2726 gestae
640 2647 725 2722 sunt,
740 2643 883 2723 loquitur
898 2648 932 2708 et
950 2641 1043 2728 §172
1058 2649 1339 2731 συνταραχθέντες,

10 2782 13 2811 ι
60 2746 177 2828 inquit,
197 2749 223 2811 δ
243 2742 311 2811 ύπό
327 2771 420 2812 τινοιν
437 2752 490 2813 καὶ
508 2735 720 2821 καταστάντες
738 2743 819 2834 πρὸς
829 2751 1102 2831 Λακεδαιμονίους
1124 2748 1169 2822 εἰς
1186 2746 1338 2833 πόλεμον,

61 2847 169 2916 πολλὰ
187 2856 239 2918 καὶ
258 2851 422 2927 παθόντες
441 2849 522 2919 κακὰ
539 2858 592 2920 καὶ
607 2851 797 2942 ποιήσαντες
806 2905 1061 2922 ...............
1072 2850 1211 2929 σπονδάς
1225 2878 1339 2944 πεντη-

60 2968 240 3032 κονταετεῖς
262 2956 497 3046 ἐποιησάμεθα.
547 2965 586 3028 ln
609 2962 692 3029 libro
716 2966 734 3028 τ’
756 2967 832 3044 post
854 2955 922 3025 ὑπό
942 2984 1035 3025 τινων
1057 2963 1160 3030 verba
1182 2963 1340 3029 accedunt

59 3068 123 3129 καὶ
150 3070 391 3138 πεισθέντες.
442 3067 506 3133 Sed
534 3069 564 3134 si
591 3069 769 3134 Aeschines
801 3068 850 3134 ita
882 3069 1031 3149 dixisset,
1064 3070 1104 3134 de
1136 3088 1275 3149 quanam
1302 3089 1339 3136 re

60 3171 317 3238 Atheniensibus
345 3193 535 3255 persuasum
563 3180 660 3255 esset,
692 3175 881 3255 addidisset,
914 3195 1018 3256 neque
1049 3177 1101 3238 καὶ
1128 3171 1339 3249 καταστάντες

59 3273 141 3365 πρὸς
157 3280 438 3359 Λακεδαιμονίους,
459 3282 516 3346 sed
530 3286 723 3369 καταστῆναι
738 3275 819 3367 πρὸς
833 3284 1108 3362 Λακεδαιμονίους
1126 3282 1337 3364 perrexisset.

58 3384 274 3466 Partieipium
297 3405 340 3450 ex
361 3383 453 3469 §175
479 3385 682 3471 (corodentes
703 3388 909 3474 καταστῆναι)
933 3392 991 3452 aut
1013 3386 1110 3473 §176
1135 3387 1338 3473 (πεισθέντες

58 3485 115 3555 ὑπ’
138 3484 288 3578 Ἀργείων)
321 3497 483 3573 sumptum
516 3498 575 3559 est.
630 3495 783 3560 Consulto
816 3498 923 3559 autem
956 3513 1027 3559 cum
1058 3495 1168 3562 verbis
1200 3495 1235 3560 id
1266 3514 1338 3560 con·

57 3598 204 3663 iunctum
223 3617 295 3663 esse
317 3598 479 3681 particula
501 3601 554 3662 καὶ
575 3601 635 3664 hoc
657 3602 726 3665 loco
749 3620 814 3666 non
836 3599 1008 3679 indicatur,
1028 3618 1099 3665 cum
1117 3599 1155 3679 is,
1175 3600 1230 3681 qni
1249 3600 1337 3667 addi·

58 3704 116 3782 dit,
147 3708 181 3768 et
207 3708 397 3776 πεισθέντες
425 3708 458 3768 et
486 3707 538 3767 xci
565 3709 755 3778 πεισθέντες
786 3706 820 3771 in
847 3704 994 3788 margine
1022 3705 1194 3786 scripsisse
1222 3706 1336 3789 possit,

56 3810 144 3876 unde
167 3809 234 3875 alia
256 3829 353 3874 manu
374 3810 410 3875 in
433 3810 534 3876 verba
556 3810 715 3877 influeret.

147 3914 399 3995 Additamentis
423 3933 505 3994 quae
527 3916 561 3981 in
581 3915 718 3999 singulis
742 3918 885 3984 codicum
908 3917 1081 4000 generibus
1105 3922 1248 3999 exstant,
1271 3917 1336 3985 iam

55 4023 207 4090 omnibus
230 4022 383 4101 collectis,
411 4040 451 4086 ea
473 4022 649 4101 videamus,
678 4042 760 4103 quae
787 4023 822 4089 in
845 4023 931 4089 binis
955 4029 1013 4089 aut
1035 4023 1139 4089 ternis
1161 4024 1335 4107 generibus

52 4132 207 4206 exstant3
237 4132 270 4192 et
298 4146 368 4191 cum
395 4128 526 4205 nullum,
555 4129 640 4207 quod
668 4129 745 4194 solis
773 4127 947 4211 generibus
977 4131 1028 4196 ab
1051 4133 1086 4195 et
1109 4133 1179 4196 σθ’
1201 4135 1260 4197 aut
1283 4132 1336 4198 ab

51 4242 88 4302 et
107 4237 158 4300 cle
177 4238 236 4298 aut
254 4234 303 4296 ele
321 4236 391 4297 etc·
413 4251 577 4298 commune
600 4233 653 4314 sit,
675 4234 863 4314 invenerim,
886 4236 989 4317 primo
1012 4239 1082 4302 loco
1105 4256 1202 4302 unum
1226 4235 1336 4319 affero,

50 4340 141 4425 quod
155 4339 192 4404 in
206 4339 258 4403 ab
272 4340 306 4402 et
320 4339 339 4404 τ’
353 4336 510 4422 scriptum
532 4344 591 4406 est.
610 4378 654 4387 -
672 4338 770 4428 §180
793 4340 972 4411 Aeschines
994 4343 1117 4411 iudices
1141 4348 1215 4411 orat
1236 4347 1336 4427 atque

1107 4471 1133 4518 s
1265 4433 1372 4528 a*
