2896 4830
64 386 74 432 1
124 380 201 462 esse,
230 381 288 448 sed
311 401 332 447 e
354 381 472 465 priore,
502 401 544 447 ex
567 399 687 464 genere
709 382 781 446 dn*
800 370 1031 464 cognoscimus,
1058 382 1143 464 quod
1164 380 1266 446 πόνον
1289 383 1397 451 omisit

92 496 99 565 1
124 492 156 553 et
176 482 287 574 χρόνον
311 487 443 572 recepit.

80 594 91 611 '
206 593 375 659 Aooedunt
398 593 503 676 spurii
523 594 586 661 looi
608 593 738 677 generis
762 596 818 659 elo.
847 633 891 642 -
918 592 937 679 ξ
961 600 1001 660 56
1025 594 1213 676 Aeschines,
1241 595 1270 661 si
1293 596 1397 677 sequi-

120 719 190 766 mur
215 699 316 765 libros
343 703 459 781 olel,
489 695 729 787 ἀποκρινοῦμαι,
757 699 871 780 inquit,
899 696 1041 764 ἐναντίον
1068 718 1116 764 σοι
1143 705 1207 764 τῶν
1233 703 1395 792 δικαστῶν,

119 800 334 893 Δημόσθενες,
362 808 415 870 καὶ
441 811 505 869 τῶν
531 807 671 869 πολιτῶν
693 808 755 869 καὶ
777 807 850 868 τῶν
874 803 983 886 ἄλλων,
1012 800 1079 869 ὅσοι
1101 800 1140 892 δὴ
1164 804 1284 882 ἔξωθεν
1307 829 1396 895 περι·

119 917 234 991 εστᾶσι,
262 914 315 975 καὶ
337 912 400 974 τῶν
420 906 583 998 Ἑλλήνων,
612 903 695 983 ὅσοις
717 908 867 992 ἐπιμελὲς
889 918 1011 993 γέγονεν
1033 909 1205 976 ἐπακούειν
1226 914 1318 1000 τῆςδε
1340 917 1396 998 τῆς

117 1022 254 1105 κρίσεως.
291 1018 401 1098 Atque
424 1017 488 1083 dici
511 1038 575 1083 non
598 1037 693 1100 posse
716 1020 769 1080 καὶ
791 1021 853 1080 τῶν
877 1014 986 1099 ἄλλων,
1011 1010 1077 1082 ὅσοι
1100 1011 1138 1107 δὴ
1163 1017 1284 1095 ἔξωθεν
1306 1041 1394 1106 περι-

118 1128 235 1204 εστᾶσι,
259 1143 332 1190 oum
353 1126 455 1191 verba
477 1126 531 1187 καὶ
553 1127 616 1187 τῶν
636 1117 799 1209 Ἑλλήνων,
829 1116 912 1196 ὅσοις
934 1125 997 1188 κτλ.
1021 1128 1269 1206 subsequantur,
1292 1130 1394 1210 petet.

117 1232 157 1297 In
180 1230 299 1297 oeteris
324 1235 431 1296 etitem
453 1229 546 1295 libris
573 1249 632 1312 pro
655 1233 708 1292 καὶ
731 1231 794 1292 τῶν
817 1229 956 1293 πολιτῶν
982 1232 1035 1294 καὶ
1056 1234 1120 1293 τῶν
1143 1227 1246 1294 ἄλλων
1272 1231 1395 1315 legitur

117 1339 170 1401 καὶ
200 1341 265 1401 τῶν
297 1333 399 1400 ἄλλων
431 1335 578 1400 πολιτῶν.
632 1337 748 1415 Itaque
778 1335 813 1401 in
846 1337 1022 1421 archetypo
1053 1335 1231 1405 verisimile
1264 1341 1315 1402 est
1345 1337 1395 1405 ita

524 1426 530 1445 ὅ
652 1438 754 1505 ἄλλων

116 1549 275 1631 seriptum
312 1549 424 1615 trisse:
462 1550 516 1612 καὶ
546 1552 609 1611 τῶν
642 1547 790 1628 πολιτῶν,
829 1567 899 1613 oum
936 1566 1112 1629 pronomen
1148 1544 1250 1611 ἄλλων
1283 1568 1394 1616 errore

64 1694 66 1705 ·
117 1653 270 1721 omissum
293 1656 478 1721 adderetur.
523 1654 650 1720 Deinde
673 1674 739 1721 vox
761 1653 796 1718 in
819 1655 889 1718 Μ’
906 1659 940 1718 et
963 1657 1013 1719 ab
1036 1654 1086 1720 ite
1107 1660 1146 1720 ut
1167 1656 1337 1738 legebatur
1359 1656 1394 1723 in

64 1804 71 1813 -
115 1779 246 1843 versum
269 1768 401 1844 recepta
423 1767 482 1841 est,
504 1760 660 1826 librarius
684 1765 791 1825 autem
809 1759 939 1842 generis
957 1763 1007 1825 elo
1026 1762 1170 1826 consulto
1194 1762 1319 1827 soilioet
1341 1764 1394 1827 καὶ

115 1871 179 1930 τῶν
201 1867 329 1934 adiecit.
370 1868 417 1933 At
439 1867 633 1934 Weidnerus
657 1886 714 1932 our
738 1865 826 1930 dieat
848 1865 976 1945 quidem
999 1865 1097 1931 etiam
1121 1863 1224 1930 ἄλλων
1247 1868 1393 1950 spurium

115 1993 197 2053 esse,
224 1977 348 2039 eertum
376 1979 566 2053 estusque
594 1974 678 2039 enim
706 1971 879 2038 oonoedere
907 1973 978 2039 vult
1000 1974 1049 2036 elo
1076 1974 1179 2039 solum
1207 1979 1394 2056 corruptum

73 2122 76 2127 -
115 2098 196 2159 esse,
220 2079 278 2144 sed
297 2098 355 2144 our
372 2098 548 2161 pronomen
567 2080 736 2145 delendum
755 2076 808 2158 sit,
830 2096 934 2157 neque
958 2096 1016 2160 ego
1039 2079 1187 2163 intelligo
1211 2099 1315 2160 neque
1336 2080 1392 2148 ille

114 2184 268 2253 ostendit.
300 2222 344 2231 -
374 2182 393 2269 ξ
419 2190 458 2250 75
488 2191 599 2253 orator
626 2190 700 2251 eote
727 2184 857 2266 publiea
884 2183 993 2251 verbis
1021 2183 1127 2251 effert:
1159 2178 1255 2248 καλὸν
1283 2179 1302 2271 ἡ
1329 2191 1393 2251 τῶν

113 2294 274 2379 δημοσίων
296 2286 489 2375 γραμμάτων
507 2285 645 2376 φυλακή·
669 2284 815 2375 ἀκίνητον
836 2286 894 2375 γάρ
912 2286 978 2353 ἐστι
997 2293 1050 2354 καὶ
1068 2283 1107 2354 οὗ
1126 2297 1391 2372 συμμεταπίπτει

112 2406 179 2470 τοῖς
206 2390 438 2477 αὐτομολοῦσιν
464 2394 499 2461 ἐν
520 2399 561 2485 τῇ
583 2397 738 2480 πολιτεία.
784 2395 877 2461 Libri
905 2415 926 2460 e
948 2398 976 2460 Ιν
998 2399 1013 2461 l
1040 2396 1127 2462 inter
1154 2405 1220 2469 τοῖς
1243 2403 1277 2464 et
1300 2391 1390 2462 αὖτο-

113 2503 265 2585 μολοῦσον
292 2502 521 2585 interpositum
548 2504 670 2568 hahent
698 2495 1152 2585 ἀντιμεταβαλλομένοις,
1182 2506 1267 2584 qnod
1289 2504 1391 2588 porti-

114 2608 242 2692 cipium,
274 2608 304 2674 si
330 2608 509 2675 Aeschines
535 2609 584 2674 ita
612 2609 759 2689 dixisset,
790 2609 876 2674 idem
904 2607 1104 2690 significaret
1131 2615 1228 2690 atque
1256 2603 1390 2691 αὖτομο

114 2717 230 2796 λοῦσιν,
253 2715 338 2797 quod
361 2715 516 2794 sequitur.
562 2715 671 2798 Quare
692 2715 728 2781 in
751 2716 926 2798 archetypo
950 2715 1080 2797 generis
1104 2718 1153 2781 elo
1174 2715 1209 2781 id
1231 2715 1390 2798 interpre-

113 2804 329 2888 tandi'oausa
350 2821 550 2903 adscriptum
577 2820 678 2887 fuisse
706 2841 804 2901 sumo,
832 2822 881 2887 ita
907 2824 1017 2886 tamen
1043 2826 1080 2886 ut
1104 2814 1173 2886 ἀντὶ
1195 2822 1390 2906 μεταβαλλο·

114 2933 221 3010 μένοις
238 2928 411 3011 legeretur,
431 2928 516 3007 quod
535 2928 667 2993 soholio:
691 2928 787 2992 οἱονεὶ
800 2977 873 2992 .....
885 2976 907 2990 ..
921 2924 1243 3012 ...μεταβάλλουσιν
1267 2928 1391 3001 ἑαυτοῖς

64 3026 69 3069 ·'
113 3033 287 3100 indicatur.
315 3072 359 3081 —
385 3031 404 3119 ξι
429 3039 493 3098 124
516 3034 642 3100 oodioes
665 3053 686 3098 ο
708 3037 737 3097 1ο
759 3037 774 3098 l
797 3034 839 3098 ad
861 3029 895 3096 ἐν
918 3037 1001 3122 ῥητῷ
1023 3029 1123 3120 χρόνῳ
1146 3035 1320 3100 articulum
1340 3039 1391 3120 τῷ

64 3150 66 3197 ἰ
114 3138 198 3206 falso
220 3139 424 3219 addiderunt,
448 3159 519 3204 oum
542 3142 582 3205 de
599 3141 660 3205 hoe
678 3145 822 3221 tempore
840 3140 1018 3205 Aeschines
1043 3145 1141 3207 antea
1158 3142 1240 3207 nihil
1258 3140 1389 3206 dixerit.

64 3270 66 3279 ·
112 3246 267 3312 Mendum
295 3264 406 3311 errore
432 3245 559 3310 librarii
587 3245 708 3310 iactum
733 3244 873 3311 videtur.
901 3284 945 3292 —-
971 3247 1170 3313 Incredibili·
1184 3267 1262 3316 vero
1290 3245 1389 3329 negli-

64 3374 66 3383 ·
111 3352 227 3437 gentis
248 3351 284 3418 in
305 3351 398 3417 libris
421 3354 511 3417 dolel
534 3348 632 3436 §259
657 3356 732 3432 post
753 3352 854 3419 verba
875 3344 912 3413 τὸ
932 3349 967 3416 ἐκ
985 3349 1109 3438 Μήδων
1127 3357 1254 3440 χρυσίον
1277 3352 1389 3418 eedem

64 3458 69 3505 '³
111 3460 223 3538 verba,
250 3476 314 3524 non
341 3461 489 3540 respeoto
514 3456 749 3523 sententiarum
771 3476 867 3536 nexo,
896 3458 1039 3540 repetite
1062 3465 1146 3540 sunt,
1175 3478 1257 3540 quae
1280 3458 1389 3540 paullo

111 3568 192 3631 anie
214 3567 361 3630 exstant:
384 3560 665 3649 ἐπιδημήσαντ’
689 3561 743 3635 εἰς
765 3556 832 3648 τὴν
855 3559 968 3627 πόλιν
991 3560 1184 3650 πρόξενον
1207 3561 1298 3628 ὅντα
1320 3562 1388 3626 τοῦ

111 3665 235 3757 δήμου
267 3675 340 3733 τῶν
370 3663 579 3755 Ἀθηναίων.
634 3668 797 3751 Repetitis
829 3669 939 3738 verbis
971 3664 1008 3733 τὸ
1040 3668 1075 3735 ἐκ
1105 3667 1230 3758 Μήδων
1261 3671 1388 3756 χρυσίον

108 3776 281 3845 librarium
303 3776 339 3842 in
361 3794 504 3840 errorem
526 3774 692 3840 inductum
716 3794 788 3840 esse
811 3775 1016 3842 manifestum
1039 3782 1100 3844 est.

201 3882 304 3948 Porro
331 3899 532 3963 quaeramus,
565 3901 647 3961 quae
679 3881 901 3947 additamenta
927 3883 1013 3949 binis
1041 3883 1185 3949 oodionm
1213 3881 1387 3966 generibus

64 4020 66 4081 j
109 3987 292 4057 eommunia
320 3987 395 4054 sint.
439 3987 548 4068 Atque
576 3988 645 4053 oh
664 3993 697 4052 et
721 3990 772 4052 ab
799 4007 954 4070 generum
981 3989 1093 4056 inveni
1120 3991 1212 4056 haee:
1236 4028 1280 4037 -
1302 3985 1321 4073 ξι
1346 3992 1385 4052 11

108 4094 239 4163 oodioes
255 4114 282 4161 α
292 4114 312 4159 e
322 4097 350 4159 d
360 4095 589 4177 Fyhmroe
608 4096 694 4160 ναι.
706 4097 834 4160 Laeto.
851 4096 977 4161 Βανῠ.
987 4096 1080 4161 Aoo.
1097 4097 1209 4163 Ειον.
1233 4095 1388 4161 exhibent

107 4202 214 4271 verba
236 4198 266 4265 εἰ
287 4194 329 4286 δή
348 4222 394 4272 τις
417 4196 489 4264 ἐστὶ
502 4203 627 4286 μέτριος
650 4196 715 4263 ἐπὶ
733 4204 795 4263 τῶν
814 4194 855 4263 τὰ
874 4196 1047 4287 παράνομα
1065 4198 1264 4288 γραφόντων;
1287 4201 1387 4285 ceteri

107 4304 387 4392 praepositionem
405 4302 470 4388 ἐπὶ,
494 4325 576 4387 quae
594 4306 629 4372 in
648 4306 844 4373 sententiam
861 4327 927 4374 non
945 4309 1093 4392 quadrat,
1116 4309 1280 4377 omittunt.
1307 4308 1387 4375 Teio
