2896 4830
8 424 20 444 ἢ

8 452 19 469 ,Ι

36 43 73 353 l

56 449 218 517 addidisse
236 455 375 533 apparet
393 469 436 517 ex
455 470 502 530 eo,
521 452 607 532 qnod
626 452 748 518 scholia
767 455 854 519 Vct.
870 453 999 517 Later.
1011 451 1160 534 ch‘mc
1183 444 1327 514 codicum

31 542 167 653 ¹,nomen
189 553 314 623 Σκύθαι
336 576 415 624 voce
437 552 564 633 τοξόται
582 557 857 640 interpretantm·;
879 558 990 637 itaque
1009 561 1067 621 ant
1086 575 1128 622 cx
1148 553 1327 620 Andocidis

53 664 120 731 loco
143 669 202 730 aut
225 683 268 730 ex
290 662 421 730 scholiis
443 665 578 732 verbum
600 663 636 730 in
658 666 788 731 versum
810 664 938 730 illatum
961 668 1020 730 est.

140 770 205 837 Sed
228 775 401 850 antequam
423 789 566 852 pergam,
588 789 688 836 unum
709 772 814 836 locum
836 787 1083 836 commemorare
1105 768 1212 848 liceat,
1235 786 1329 848 quem

53 876 182 943 silentio
215 876 396 959 praeterire
423 875 531 956 nolim,
560 896 630 943 cum
662 877 697 944 in
724 898 821 944 mann
849 878 991 943 secunda
1019 874 1139 941 codicis
1163 875 1202 939 F
1231 873 1329 939 aesti-

52 983 171 1048 manda
198 1002 263 1048 non
291 981 386 1065 parui
414 982 459 1047 sit
486 984 648 1050 momenti.
680 1023 724 1032 —
755 982 774 1070 ξ
800 984 886 1049 enim
911 989 973 1049 163
1002 981 1180 1049 Aeschines
1208 979 1330 1046 crimen

52 1089 290 1169 Demosthenis,
319 1089 374 1168 qui
402 1109 473 1155 eum
496 1089 667 1158 victoriam
691 1111 711 1156 a
732 1090 883 1173 Philippo
907 1091 947 1156 de
970 1088 1099 1154 Phociis
1127 1091 1330 1169 reportatam

52 1214 123 1260 cum
138 1196 370 1262 Macedonibus
389 1197 605 1264 celebravisse
624 1197 658 1261 in
677 1197 884 1262 accusatione
902 1196 1042 1274 dixerat,
1061 1195 1239 1277 propulsat,
1259 1211 1331 1257 cum

9 1324 12 1369 ;
53 1319 96 1381 se,
124 1303 210 1383 quod
232 1302 343 1383 patria
365 1302 517 1368 incolumi
539 1322 666 1385 paeana
689 1323 760 1368 oum
783 1303 901 1369 ceteris
926 1300 1151 1379 concinuisset,
1175 1298 1255 1364 dicit
1277 1297 1331 1380 pie

9 1428 13 1485 ς
52 1407 179 1487 decissa,
202 1428 268 1474 non
285 1409 415 1488 iniuste,
439 1411 524 1489 quod
547 1429 584 1476 eo
607 1410 781 1476 inhonore
804 1409 972 1475 habuisset
996 1410 1090 1474 deum
1108 1424 1212 1487 neque
1231 1405 1331 1470 Athe-

9 1498 12 1577 Ϊ
53 1513 184 1581 nienses
208 1515 385 1599 ignominia
407 1514 578 1583 affecisset.
623 1517 751 1600 Pergit:
782 1513 882 1580 ἔπειτ’
910 1508 969 1595 ἐγώ
992 1514 1052 1596 μὲν
1074 1506 1127 1577 διὰ
1148 1513 1236 1576 τοῦτ’
1261 1504 1331 1596 ἄνη-

52 1616 164 1707 λένμός
191 1643 238 1692 τις
269 1618 336 1700 εἰμὶ
365 1616 544 1707 ἄνθρωπος,
578 1615 616 1685 οὐ
650 1623 676 1685 ci
711 1615 843 1707 εὐσεβὴς
874 1615 891 1684 t
922 1622 986 1685 τῶν
1018 1614 1205 1683 σνσπόνδκον
1238 1616 1270 1701 (ν’
1286 1635 1331 1697 111

9 1744 12 1763 ²
54 1720 277 1813 ὁμοσπόνδων)
301 1727 376 1812 (καὶ
400 1732 585 1790 συσσίτων
608 1729 806 1794 addiderunt
829 1731 955 1808 cdc'pq
970 1725 1332 1793 VathcccmBarb.

10 1910 12 1935 Ι
55 1838 89 1900 et
111 1852 175 1899 sec.
202 1832 256 1918 F)
279 1827 465 1919 κατήγορος,·
488 1832 669 1899 Schultzius
692 1836 794 1902 verba
816 1836 869 1899 acl
893 1836 1047 1896 συσσίτων
1069 1831 1201 1913 recepit,
1229 1834 1266 1894 ut
1287 1828 1334 1896 vi-

54 1940 161 2018 detur,
195 1939 280 2019 quod
307 1939 343 2005 in
369 1939 529 2006 Vaticano
558 1945 706 2021 exstant,
739 1940 840 2006 ceteri
867 1938 963 2005 huius
991 1937 1164 2004 memoriae
1191 1936 1333 2002 editores

56 2045 245 2125 omiserunt,
268 2064 339 2110 cum
362 2065 382 2110 a
404 2045 551 2126 plurimis
575 2047 739 2113 codicibus
762 2046 881 2112 absint.
926 2045 990 2111 Sed
1013 2064 1071 2110 cur
1093 2063 1133 2108 aa
1155 2043 1238 2108 falsa
1262 2061 1335 2107 esse

56 2156 195 2231 constet,
217 2171 282 2217 non
309 2151 470 2235 intelligo,
498 2153 608 2232 itaque
632 2159 721 2218 certe
745 2153 809 2218 dici
830 2152 944 2233 nequit
972 2152 1113 2218 secunda
1139 2168 1253 2215 manus
1275 2149 1336 2215 hoc

55 2259 125 2325 loco
155 2257 279 2338 aliquid
306 2277 371 2323 non
398 2263 489 2324 recte
511 2259 686 2339 addidisse,
714 2265 812 2340 atque
840 2278 900 2343 ego
924 2258 1052 2338 quidem
1075 2256 1258 2339 putaverim
1281 2255 1336 2320 ad·

54 2364 210 2433 iectivum
233 2366 274 2430 ab
297 2364 348 2446 iis,
376 2364 431 2445 qui
453 2365 488 2431 id
510 2365 594 2431 idem
617 2385 656 2431 ac
679 2360 866 2429 σοσπονδων
894 2364 1079 2448 significare
1108 2363 1335 2445 opinabantur,

56 2490 98 2537 ex
121 2471 230 2537 altera
251 2476 346 2552 parte
368 2471 524 2538 librorum
547 2474 708 2538 sublatum
731 2492 812 2539 esse.

144 2576 295 2657 Denique
322 2581 437 2657 restat,
464 2584 502 2643 ut
525 2579 565 2644 de
588 2579 635 2644 eis
658 2579 748 2660 locis,
775 2579 831 2644 ubi
858 2576 1019 2643 internis
1047 2575 1222 2658 generibus
1250 2574 1336 2639 idem

56 2682 201 2763 additur,
234 2683 401 2748 disseram.
447 2683 511 2750 Sed
538 2689 675 2765 tantum,
707 2704 790 2765 quae
816 2683 991 2768 generibus
1020 2686 1070 2748 ab
1099 2687 1133 2746 et
1161 2682 1233 2746 1111Ὶ
1257 2680 1338 2744 eti

56 2789 240 2857 communia
275 2795 361 2869 sunt,
398 2790 618 2871 inseminatum,
655 2798 693 2858 ut
723 2811 822 2857 unum
853 2809 956 2874 genus
985 2791 1034 2854 elc
1067 2787 1222 2866 omiserit,
1254 2803 1338 2865 quae

57 2901 170 2963 cetera
192 2914 314 2978 genera
336 2895 404 2961 tria
427 2898 591 2964 exhibent.
614 2937 658 2946 —
680 2897 699 2984 ξ
724 2904 766 2962 14
788 2897 823 2963 in
846 2896 1009 2963 codicibus
1033 2900 1164 2976 praeter
1188 2914 1208 2959 c
1230 2895 1258 2957 lc
1281 2895 1338 2956 ιο

56 3003 160 3071 verba
183 3004 331 3067 exstant:
359 2997 532 3089 γράφονται
561 3006 587 3067 δ’
611 2987 699 3068 οὗτοι
726 2998 923 3091 παρανόμων
945 2997 982 3064 τὸ
1008 2995 1169 3088 ψήφισμα,
1197 3006 1338 3064 Λυκῖνον

57 3104 114 3173 ἐπὶ
137 3101 198 3193 τὴν
220 3101 344 3194 γραφὴν
366 3104 624 3197 ἐπιγραψάμενοι
645 3113 698 3174 καὶ
720 3112 830 3195 τίμημ’
855 3106 1055 3193 ἐπέθηκαν
1083 3106 1137 3191 (lm
1162 3103 1338 3190 ἐπέθηκεν)

58 3210 242 3303 (ἐπέθηκαν
265 3232 324 3279 om.
348 3216 489 3301 elcls)
513 3210 624 3280 ἑκατὸν
646 3211 793 3280 οάλανια.
840 3215 993 3280 Editores
1016 3214 1151 3280 verbum
1173 3207 1339 3296 dustanus

57 3325 149 3387 recte
172 3319 347 3400 eiecerunt,
376 3339 447 3386 oum
470 3327 614 3388 actorum
639 3322 683 3388 sit
706 3326 830 3407 τίμημα
853 3314 1099 3407 ἐπιγράφεσθαι,
1127 3317 1243 3382 iudicis
1271 3313 1340 3380 ἐπι-

58 3430 177 3507 θεῖναι,
209 3431 247 3491 ut
274 3426 398 3508 primus
425 3428 574 3494 Bromius
602 3428 734 3495 monuit.
788 3426 976 3508 Adscripsit
1003 3424 1129 3504 aliquis,
1162 3422 1226 3502 qui,
1254 3423 1339 3487 unde

58 3535 163 3602 verba
185 3535 239 3597 καὶ
261 3533 372 3618 τίμημ’
397 3528 508 3597 ἑκατὸν
530 3530 670 3598 τάλαντα
692 3535 881 3617 penderent,
903 3552 968 3597 non
990 3529 1165 3596 intellexit.
1188 3566 1231 3576 ——
1254 3526 1273 3613 ξ
1299 3532 1341 3592 74

59 3624 242 3705 Aeschines
266 3637 346 3703 dicit
368 3637 522 3705 factiosos
544 3639 618 3706 illos
642 3646 790 3706 oratores
815 3641 854 3705 de
876 3636 1099 3704 incolumitate
1121 3635 1171 3700 rei
1193 3635 1341 3715 publicae

59 3764 101 3811 ne
124 3742 290 3825 incepisse
309 3744 437 3824 quidem
455 3745 551 3825 loqui
574 3748 632 3812 sed
650 3746 786 3812 iussisse
804 3744 1022 3812 Athenienses
1041 3741 1237 3809 vestibulum
1256 3739 1341 3806 arcis

59 3848 187 3917 intueri
209 3853 243 3914 et
265 3851 431 3917 reminisci
453 3854 508 3939 τῆς
530 3848 565 3916 ἐν
583 3851 739 3932 Σαλαμῖνι
761 3846 842 3938 πρὸς
864 3844 920 3914 τὸν
938 3854 1069 3934 Πέρσην
1090 3850 1267 3926 ναυμαχίας
1289 3848 1342 3910 καὶ

59 3958 125 4021 τῶν
152 3948 265 4037 τάφων
293 3960 355 4021 καὶ
383 3957 450 4043 (καὶ
476 3977 586 4024 omnes
614 3962 746 4041 praeter
774 3954 986 4040 eltlsc)
1013 3954 1076 4015 τῶν
1099 3946 1261 4037 προγόνων
1289 3954 1342 4016 καὶ

58 4064 124 4128 τῶν
146 4066 320 4147 τροπαίων.
357 4064 429 4129 Non
453 4063 584 4129 dubium
607 4069 666 4143 est,
689 4063 767 4143 quin
789 4063 952 4144 particula
974 4062 1027 4123 καὶ
1049 4063 1125 4140 post
1147 4059 1210 4120 τῶν
1231 4052 1343 4138 τάφων

59 4167 203 4237 delenda
226 4166 279 4247 sit,
303 4173 341 4233 ut
362 4170 425 4233 κῶν
447 4165 610 4256 προγόνων
634 4190 653 4235 a
675 4168 827 4252 genetivo
850 4171 913 4232 τῶν
934 4161 1044 4247 τάμον
1067 4165 1215 4247 pendeat,
1238 4182 1343 4244 neque

59 4276 148 4345 enim
163 4273 305 4356 primum
319 4276 470 4354 aequales
484 4274 664 4355 Aeschinis,
685 4274 714 4339 si
734 4294 863 4357 pugnae
878 4271 1075 4339 Salaminiae
1090 4274 1123 4336 et
1136 4275 1344 4351 tropaeorum

56 4391 367 4463 reminiscebantur,
395 4384 435 4448 dc
457 4380 634 4447 maioribus
656 4400 721 4446 non
744 4380 890 4463 cogitare
912 4383 1098 4460 potuerunt,
1127 4375 1244 4442 deinde
1272 4373 1344 4456 quis
1433 4371 1436 4379 ’

1079 4498 1130 4553 2*
