2896 4830
64 1246 67 1315 j
205 1233 303 1314 Male
327 1249 366 1313 de
390 1234 598 1315 emendandis
621 1249 792 1314 Aeschinis
816 1246 1016 1314 orationibus
1040 1266 1075 1312 se
1098 1264 1151 1312 res
1173 1246 1281 1326 habet,
1304 1245 1389 1327 quod

64 1340 67 1397 '-
111 1355 235 1421 nullum
258 1356 398 1421 codicem
422 1359 545 1421 eertum
569 1356 680 1420 ducem
703 1355 794 1434 sequi
817 1373 1001 1436 possumns;
1025 1373 1133 1418 omnes
1157 1351 1240 1418 enim
1264 1356 1299 1418 et
1317 1372 1389 1418 con-

64 1494 67 1525 l
112 1463 197 1528 sulto
222 1466 255 1526 et
279 1481 357 1527 casn
379 1463 475 1529 valde
499 1462 645 1544 corrupti
668 1466 753 1526 sunt.
801 1462 913 1540 Neque
936 1461 970 1525 id
993 1460 1120 1540 quidem
1144 1459 1227 1525 satis
1251 1463 1388 1538 constat,

64 1544 67 1653 f
112 1568 163 1634 cui
186 1568 289 1634 codici
311 1567 414 1633 maior
437 1568 617 1634 auctoritas
643 1588 737 1648 quam
762 1567 880 1633 ceteris
903 1566 1078 1632 tribuenda
1100 1566 1152 1645 sit,
1180 1570 1218 1631 ut
1244 1565 1389 1631 homines

113 1675 201 1739 docti
224 1673 308 1738 alius
332 1673 430 1739 alium
452 1676 616 1740 meliorem
640 1694 712 1740 esse
735 1678 898 1740 censeant.
943 1675 997 1738 Ita
1019 1673 1120 1739 libros
1143 1674 1249 1738 chlo
1263 1675 1285 1751 l,
1309 1691 1389 1753 quos

111 1783 284 1846 Bekkerus
312 1779 347 1844 in
370 1781 480 1863 priore
508 1783 668 1847 secundae
697 1780 854 1846 orationis
881 1785 977 1862 parte
1005 1784 1039 1845 et
1060 1779 1154 1845 initio
1178 1778 1298 1844 tertiae
1320 1777 1390 1844 fere

111 1889 196 1954 solos
226 1891 356 1952 secutus
386 1891 445 1967 est,
475 1887 615 1953 Cobetus
644 1887 735 1973 (Var.
759 1889 864 1953 Lectt.
892 1907 922 1969 p.
948 1886 1025 1973 354)
1055 1890 1088 1950 et
1114 1885 1309 1952 Weidncrus
1337 1885 1390 1952 vel

111 1992 264 2075 optimose
278 1993 408 2073 habent,
436 1994 601 2060 Frankius
629 2014 694 2060 non
722 1996 857 2059 multum
885 1992 927 2057 ad
950 1992 1206 2057 emendationem
1234 1991 1389 2071 conferre,

110 2098 279 2164 Scheibius
309 2103 342 2162 et
370 2099 553 2165 Schultzius
584 2103 702 2183 probos
734 2100 897 2165 interdum
929 2117 1009 2178 esse,
1042 2118 1114 2164 cum
1144 2097 1389 2181 interpolatoris

110 2223 240 2270 manum
267 2223 425 2287 persaepe
454 2208 671 2286 ostenderent,
700 2206 944 2272 contenderunt.
990 2204 1160 2271 (lodicibus
1183 2209 1292 2270 autem
1317 2208 1390 2271 ab

64 2396 67 2401 ι
110 2310 254 2376 editores
277 2310 326 2376 ita
349 2311 400 2377 nsi
424 2317 508 2392 sunt,
537 2318 574 2378 ut
597 2314 636 2394 ei,
665 2314 720 2394 qui
742 2333 763 2379 e
785 2315 813 2378 lc
835 2316 850 2377 l
874 2313 976 2377 secuti
1000 2316 1084 2391 sunt,
1109 2332 1136 2377 a
1159 2315 1182 2376 b
1204 2311 1389 2378 necessario

64 2446 66 2459 ·
109 2418 344 2498 posthaberent
367 2424 401 2484 et
423 2425 595 2500 praeterea
614 2422 785 2486 Bekkerus
808 2420 861 2487 vel
884 2419 951 2484 eod.
970 2421 989 2484 o·
1010 2418 1045 2483 in
1068 2419 1210 2483 secunda
1234 2417 1389 2498 oratione,

108 2523 304 2588 Weidnerus
333 2527 362 2589 d
387 2527 426 2590 F
450 2526 485 2591 in
512 2527 617 2609 prima
646 2526 808 2592 codicibus
833 2528 906 2591 ab
934 2529 1156 2607 anteponeret,
1185 2523 1287 2590 ceteri
1316 2527 1389 2589 ab

110 2634 333 2708 sequerentur.
361 2631 630 2712 Antiquissimum
653 2652 731 2700 vero
754 2632 871 2698 librum
898 2633 937 2696 F
957 2630 1158 2717 (Coislinian.
1182 2629 1271 2716 249),
1295 2648 1390 2710 quem

108 2735 265 2801 Baiterus
289 2741 323 2802 et
341 2737 503 2820 Sanppius
526 2740 692 2823 negligere
716 2758 750 2805 se
772 2759 835 2805 non
861 2739 978 2803 debere
1006 2740 1206 2820 putaverunt
1229 2740 1263 2801 et
1280 2735 1389 2803 Weid-

108 2860 208 2907 nerus
244 2843 279 2906 in
311 2843 416 2925 prima
448 2845 594 2912 oratione
631 2866 702 2912 oum
733 2847 841 2912 codice
874 2849 903 2911 d
939 2844 1036 2910 alteri
1067 2844 1181 2927 generi
1218 2841 1390 2925 anteponit

109 2947 275 3032 (Prolegg.
299 2950 341 3014 ad
365 2968 408 3015 or.
432 2952 483 3016 ΙΠ
511 2973 541 3034 p.
564 2952 736 3038 XXXVI),
766 2954 905 3018 Cobetus
929 2951 1021 3037 (Nou.
1044 2952 1149 3016 Lectt.
1173 2970 1203 3031 p.
1228 2948 1307 3035 239)
1335 2968 1389 3015 ne-

72 3065 75 3073 '
109 3053 297 3133 quissimum
322 3059 356 3119 et
379 3057 518 3122 omnium
542 3058 748 3123 deterrimum
777 3079 848 3125 esse
872 3058 959 3124 dicit.
1005 3057 1258 3126 Diversissimae
1284 3056 1388 3140 igitur

110 3160 150 3224 de
174 3160 317 3225 codicum
341 3163 538 3228 auctoritate
558 3170 634 3231 sunt
653 3165 836 3230 sententiae
859 3184 962 3245 neque
985 3165 1085 3230 ullum
1107 3164 1270 3242 habemus
1294 3183 1387 3243 quem

64 3332 70 3359 ·.
109 3284 220 3331 onmes
249 3266 367 3332 ceteris
395 3269 559 3335 meliorem
587 3291 659 3337 esse
688 3271 901 3352 consentiant,
934 3290 1017 3351 quae
1045 3288 1098 3336 res
1132 3269 1387 3335 emendationem

108 3373 205 3438 valde
233 3373 377 3454 impedit.
427 3376 543 3456 Itaque
571 3378 668 3444 aliam
695 3378 781 3445 viam
809 3378 1056 3462 ingrediendam
1084 3395 1155 3442 esse
1183 3382 1261 3459 puto
1290 3380 1388 3457 atque

64 3476 71 3511 ¹'
109 3479 215 3543 adhuc
241 3478 445 3546 factumest.
491 3483 643 3548 Editores
672 3485 755 3550 enim
785 3485 1013 3551 auctoritatem
1042 3483 1186 3550 codicum
1214 3501 1387 3549 enumero

64 3602 66 3613 ¹
109 3583 263 3651 vitiorum
291 3584 464 3652 aestimare
493 3592 649 3671 solebant,
681 3612 746 3656 non
778 3598 930 3658 aenimate
959 3608 1124 3671 quaerere,
1157 3608 1239 3670 qnae
1266 3609 1388 3673 genera

64 3734 67 3763 .
107 3689 263 3758 vitiorum
291 3690 325 3755 in
350 3691 487 3776 singuiis
511 3696 673 3762 codicibus
697 3698 850 3764 inessent.
897 3701 1018 3764 Tamen
1046 3715 1241 3780 magnopere
1269 3696 1387 3778 differt,

64 3834 70 3871 q
109 3802 219 3862 utrum
247 3798 288 3861 ab
315 3798 443 3864 homine
471 3803 624 3882 prudenti
653 3824 693 3868 an
721 3806 928 3887 imprudenti,
960 3810 1070 3871 utrum
1101 3803 1236 3869 consilio
1264 3823 1306 3868 an
1333 3823 1388 3869 ne-

64 3886 73 4005 ξ
108 3902 270 3988 gligentia
302 3907 335 3968 et
366 3903 498 3972 inscitia
530 3910 632 3976 codex
665 3918 837 3994 corruptus
866 3913 919 3992 sit,
952 3932 1023 3977 cum
1051 3930 1097 3990 ea,
1130 3928 1212 3991 quae
1240 3910 1387 3976 consulto

73 4086 76 4091 ⁸
108 4014 236 4077 mutata
255 4014 340 4088 sunt,
364 4011 546 4081 difficiliora
567 4017 634 4083 sint
652 4018 694 4083 ad
711 4019 938 4100 reperiendum
957 4037 1052 4098 quam
1071 4036 1117 4096 ea,
1141 4035 1224 4097 quae
1245 4016 1387 4084 inscitia.

104 4118 179 4203 ,Quo
202 4115 275 4185 fieri
297 4119 415 4197 potest,
439 4124 476 4185 ut
499 4123 647 4205 codicem,
671 4126 726 4206 qui
749 4125 888 4207 plurima
910 4125 1026 4190 menda
1048 4123 1274 4206 praesefert,
1298 4127 1388 4189 ante·

64 4218 72 4293 l
107 4244 266 4310 ponamus
290 4221 401 4303 codici,
424 4227 544 4311 inquo
568 4252 672 4314 pauca
690 4233 818 4314 quidem
839 4251 1032 4318 cognoscere
1055 4231 1140 4310 lieet,
1164 4231 1222 4296 sed
1244 4229 1388 4314 vestigia

106 4340 279 4422 prudentis
296 4340 543 4421 interpolatoris
561 4341 682 4407 insunt.
705 4341 814 4420 Atque
831 4341 912 4406 haec
929 4337 1141 4421 perquirendi
1158 4336 1245 4402 ratio
1264 4336 1418 4428 optima-fr

92 4474 95 4479 ·
1180 4456 1208 4504 u
