2896 4830
12 407 48 455 re
155 383 250 450 Talia
271 382 373 467 igitur
397 382 619 451 additamenta
641 381 843 466 negligentia
862 401 932 447 oum
950 382 1060 449 verbis
1079 383 1252 451 coniuncta
1271 403 1343 451 esse

12 620 26 665 s
155 596 302 663 Contra
329 594 536 661 librarium
564 595 695 660 studio
720 592 951 659 emendandi
973 598 1012 660 et
1035 595 1201 662 consilio
1223 599 1344 664 verba

12 745 25 771 ,-
70 700 302 784 scriptorum
325 700 428 766 falso
452 700 721 766 additamento
744 699 1018 780 inquinavisse
1041 721 1191 768 censeo:

153 809 183 873 I:
217 809 265 889 si,
298 807 397 887 quod
425 811 666 872 structuram
694 806 816 887 primo
845 807 985 871 obtutu
1016 826 1090 873 non
1121 808 1342 891 perspexit,

11 958 19 969 -
67 915 300 994 quantocius
337 913 575 994 particulam
611 913 781 993 aliquam
817 911 988 994 ingessit
1025 912 1139 995 idque
1170 915 1255 981 loco
1281 915 1343 985 ¹iu-

65 1020 231 1086 tellectu
250 1025 325 1085 tam
344 1019 469 1100 facili,
489 1024 543 1097 ut,
563 1018 597 1084 si
616 1019 784 1084 codicem
804 1021 916 1082 caute
934 1022 1113 1084 tractare
1132 1021 1342 1101 voluisset,

65 1128 181 1192 talem
198 1127 374 1194 voculam
393 1130 460 1190 aut
479 1144 597 1208 super
618 1143 770 1192 uersum
789 1124 851 1191 vel
870 1123 909 1188 in
923 1124 1098 1207 margine
1113 1127 1343 1194 adscribere

64 1234 211 1299 solitus
236 1235 343 1297 esset
366 1236 433 1297 aut
456 1231 606 1297 omnino
629 1249 703 1295 uon
726 1229 1018 1311 adscripsisset.

84 1332 88 1339 '
152 1339 200 1404 Ii:
226 1337 259 1402 si
281 1337 332 1417 id,
360 1339 460 1417 quod
487 1336 782 1418 interpretandi
805 1355 923 1402 causa
946 1336 1257 1419 superscriptum
1281 1339 1343 1405 vel

60 1445 101 1511 in
119 1443 298 1526 margine
318 1444 560 1526 adscriptum
579 1447 678 1520 erat,
698 1441 898 1523 particula
917 1442 1095 1509 adhibita
1114 1463 1194 1510 cum
1209 1444 1342 1511 verbis

11 1558 13 1575 ²
62 1551 240 1617 oratoris
264 1549 482 1616 coniunxit.

151 1658 221 1722 111:
260 1655 293 1722 si
329 1657 448 1722 verba
485 1653 624 1737 spuria
654 1673 730 1719 non
761 1673 835 1718 uno
866 1654 950 1720 loco
983 1655 1241 1737 interposuit,
1274 1656 1342 1722 sed

59 1762 245 1845 pluribus
282 1762 394 1843 quasi
430 1760 620 1840 intexuit,
655 1764 721 1824 aut
759 1759 793 1824 si
824 1760 869 1824 ob
902 1778 946 1825 ea
978 1760 1190 1844 scriptoris
1222 1763 1343 1829 verba

59 1866 242 1936 mutavit.

151 1973 343 2052 Ubicunque
371 1978 478 2038 autem
505 1973 626 2038 nullum
648 1970 763 2038 horum
785 1971 977 2038 indiciorum
1003 1972 1182 2054 invenitur,
1210 1973 1342 2040 dubium

59 2084 122 2160 est,
144 2084 255 2145 utrum
278 2079 534 2145 additamentum
555 2077 758 2162 negligentia
781 2096 823 2143 an
846 2079 980 2145 consilio
999 2079 1034 2145 in
1052 2081 1152 2147 verba
1171 2079 1341 2163 scriptoris

58 2187 191 2253 illatum
215 2185 268 2251 sit.

151 2293 244 2358 Haec
270 2291 373 2375 igitur
401 2291 522 2357 indicia
550 2294 736 2372 spectantes
764 2289 830 2355 iam
858 2310 913 2357 eos
939 2293 1027 2358 locos
1055 2291 1257 2376 colligamus,
1285 2292 1341 2373 qui
1429 2281 1431 2287 ’

56 2397 266 2481 negligentia
297 2399 442 2480 corrupti
475 2402 564 2476 sunt,
595 2396 645 2461 ita
675 2402 784 2461 tamen
817 2401 853 2461 ut
881 2399 1010 2478 menda,
1041 2398 1077 2463 in
1105 2418 1187 2478 quae
1214 2397 1341 2464 librarii

56 2503 190 2570 facilius
218 2504 416 2584 inciderunt,
445 2505 639 2570 antecedant
667 2501 727 2580 eis,
755 2521 838 2583 qnae
867 2503 1030 2570 difficilius
1058 2504 1148 2570 fiunt.
1193 2505 1275 2570 Nam
1298 2523 1341 2570 ex

55 2611 123 2675 hac
149 2630 264 2675 norma
291 2611 367 2676 libri
394 2611 429 2675 in
455 2611 517 2675 hac
539 2628 575 2674 re
598 2607 792 2674 aestimandi
816 2612 900 2674 sunt.
945 2609 1022 2675 Alia
1044 2610 1172 2676 ratione
1195 2609 1283 2676 infra
1305 2610 1341 2676 in

57 2714 253 2799 colligendis
277 2716 508 2783 additamentis
531 2713 663 2781 consilio
686 2713 783 2781 factis
806 2719 942 2794 utemur,
964 2714 1020 2780 ubi
1039 2717 1258 2795 quaerendum
1280 2719 1339 2797 est,

56 2822 256 2903 quibusnam
281 2823 397 2901 maior,
425 2822 541 2902 quibus
569 2820 674 2885 minor
701 2818 752 2886 vis
775 2820 886 2886 verbis
910 2820 1081 2904 scriptoris
1104 2821 1198 2887 illata
1221 2822 1273 2888 sit.
1296 2859 1340 2870 -

56 2931 172 3009 Atque
198 2929 351 2994 facillime
380 2927 503 3007 aliquid
530 2927 581 2992 bis
604 2925 736 3007 ponitur
759 2925 997 3009 udttographia,
1025 2929 1110 3007 quod
1133 2928 1271 3009 primum
1293 2927 1340 3009 fit,

58 3033 91 3100 si
114 3034 247 3100 litterae
271 3034 486 3116 duplicantur,
510 3037 547 3099 ut
570 3053 615 3098 or.
638 3033 690 3096 ΠΙ
704 3029 731 3117 ὅ
755 3039 818 3097 209
843 3031 877 3097 in
901 3033 1064 3099 codicibus
1088 3055 1116 3099 a
1131 3037 1194 3098 cd
1211 3035 1250 3097 F
1261 3052 1340 3115 pm

56 3143 294 3221 aaancurb.
308 3142 422 3206 Flor.
446 3160 489 3206 ex
509 3139 622 3205 littera
645 3138 811 3220 duplicata
832 3146 869 3204 11
888 3138 1140 3222 praepositionis
1163 3133 1244 3224 πρὸς
1266 3159 1340 3223 par-

58 3247 164 3313 ticula
183 3240 229 3311 Ἢ
248 3251 322 3312 orta
345 3249 409 3325 est3
433 3246 550 3311 deinde
573 3244 602 3310 si
623 3245 725 3311 verba
747 3245 839 3310 modo
864 3243 987 3325 scripta
1010 3246 1118 3326 paullo
1141 3245 1228 3311 inira
1249 3265 1340 3328 repe·

57 3358 187 3431 tuntur,
211 3351 349 3417 maxime
373 3370 443 3416 oum
467 3351 576 3432 aliqua
597 3369 663 3418 vox
686 3369 706 3413 a
730 3350 888 3432 scriptore
910 3350 982 3432 ipso
1006 3350 1148 3432 repetita
1170 3350 1339 3417 librarium

58 3459 97 3525 in
126 3477 269 3523 errorem
296 3456 429 3522 inducit.
475 3457 630 3523 Conferas
659 3474 703 3519 or.
726 3455 778 3518 ΠΙ
800 3453 819 3539 ὅ
843 3461 916 3535 259,
939 3455 995 3521 ubi
1018 3455 1172 3521 librarius
1196 3456 1340 3525 codicum

58 3568 90 3630 h
105 3565 134 3628 le
148 3567 177 3642 l,
200 3583 271 3628 cum
293 3564 328 3629 in
351 3562 556 3628 antecedenti
578 3558 597 3646 ξ
619 3562 721 3628 verba
743 3554 973 3647 ducdququuvu'
997 3560 1042 3633 εἷς
1064 3554 1121 3624 cdv
1143 3557 1240 3625 πόλιν
1261 3557 1339 3649 πρό·

58 3675 153 3747 ξενον
181 3665 258 3731 ὄντα
285 3672 343 3731 τοῦ
366 3664 467 3752 δήμου
496 3672 558 3731 τῶν
586 3661 756 3750 Ἀθηναίων
777 3665 858 3733 illud
880 3661 917 3730 τὸ
940 3663 974 3730 ἐκ
996 3663 1120 3752 Μήδων
1142 3672 1267 3754 χρυσίον
1291 3688 1340 3735 se·

57 3779 214 3857 quantur,
238 3775 350 3838 eadem
373 3780 448 3855 post
470 3774 555 3840 idem
578 3770 742 3852 repetivit.
770 3772 866 3839 Nulla
889 3779 996 3839 antem
1018 3791 1097 3839 voce
1116 3772 1258 3854 fallente,
1281 3775 1341 3841 sed

58 3880 165 3948 oculis
194 3880 422 3945 aberrantibus
445 3879 587 3961 repetita
609 3882 686 3942 sunt
709 3896 753 3942 or.
776 3879 811 3942 H
834 3876 853 3963 ξ
878 3884 939 3944 156
963 3883 1026 3941 τῶν
1048 3875 1147 3958 λόγων
1169 3885 1244 3962 post
1265 3874 1340 3953 acie

56 3992 153 4057 νέους
179 3985 215 4050 in
242 3985 335 4049 libris
364 3986 510 4049 oblat
532 3986 642 4048 Flor.
670 3987 703 4046 et
731 4002 778 4063 pr.
805 3985 854 4062 F,
883 3988 917 4048 et
944 4004 988 4049 or.
1016 3985 1034 4049 I
1060 3983 1080 4070 ᾗ
1105 3990 1166 4050 127
1191 3982 1282 4065 λόγον
1304 3986 1340 4053 in

58 4092 212 4160 omnibus
239 4089 346 4169 libris,
373 4089 408 4154 in
435 4108 554 4179 genere
577 4093 684 4154 autem
708 4091 760 4154 ab
783 4088 882 4154 etiam
905 4089 1062 4155 articulus
1086 4092 1255 4173 appositus
1279 4097 1338 4159 est.

57 4201 265 4284 Quamquam
292 4214 356 4260 non
383 4194 500 4274 ubique
527 4194 630 4260 forma
653 4194 813 4275 repetitae
836 4194 925 4264 vocis
948 4195 1069 4262 mansit
1090 4196 1274 4276 immutata,
1301 4203 1340 4264 ut

57 4327 107 4374 or.
141 4305 194 4369 ΠΙ
221 4300 241 4387 §
269 4306 310 4366 67
344 4299 598 4366 additamentum
626 4299 769 4367 codicum
797 4301 969 4367 chb
986 4320 1012 4383 q
1030 4305 1155 4370 Barb.
1173 4307 1340 4389 πρέσβεων

1108 4427 1126 4483 8
