2896 4830
618 242 818 303 ..9-

84 431 246 515 publicam
270 431 502 512 administrari,
531 432 560 498 si
581 432 713 512 iudices,
736 453 819 513 quae
841 432 906 515 ipsi
929 432 1061 513 scirent,
1084 434 1170 513 quod
1192 453 1267 499 reus
1290 434 1362 517 ipse

83 537 306 604 testimonium
328 558 393 604 non
416 538 547 619 diceret,
571 541 848 607 obliviscerentur.
880 540 1017 621 Aliquis,
1041 540 1096 620 qui
1114 542 1216 607 verba
1233 546 1362 608 tantum

84 644 127 710 ad
155 663 203 724 ea,
236 664 318 725 quae
345 642 364 729 ξ
390 650 429 710 73
463 645 552 711 diota
583 651 668 725 sunt,
700 649 760 713 hoc
792 653 843 713 est
870 649 912 713 ad
938 645 1161 712 testimonium
1188 646 1362 727 Thnarohl,

84 755 236 833 spectare
259 750 411 832 opinatus
436 756 494 831 est,
522 773 698 835 pronomen
725 756 856 822 videtur
884 754 1100 836 adscripsisse
1128 772 1170 818 ex
1194 753 1249 833 eis,
1278 774 1361 835 quae

84 859 294 924 antecedunt:
328 851 441 921 οὐκοῦν
467 852 647 922 ὑπόλοιπόν
674 857 740 925 ἐστι
767 854 822 923 τόν
853 855 1034 924 πεπονθότ’
1063 840 1160 922 αέτόν
1188 854 1360 941 ὁμολογεῖν.

82 967 202 1032 Utrum
226 969 334 1030 autem
357 963 574 1048 glossema'in
598 967 745 1049 margine
768 965 910 1048 positum
932 965 1135 1049 negligentia
1157 986 1228 1032 cum
1250 968 1361 1035 verbis

84 1071 290 1138 coniunctum
322 1090 365 1136 an
396 1073 542 1138 consulto
573 1072 609 1138 in
641 1092 680 1138 ea
711 1074 838 1138 illatmn
870 1073 923 1152 sit,
960 1073 1133 1139 diiudicari
1163 1075 1284 1154 nequit.
1316 1115 1361 1123 -

83 1177 103 1263 ξ
128 1183 190 1243 191
221 1178 377 1259 scriptum
401 1183 464 1243 est:
494 1172 560 1241 ἀλλ’
588 1180 622 1244 αἱ
649 1188 824 1265 προπετεῖς
851 1183 908 1242 τοῦ
936 1174 1080 1260 σώματος
1106 1173 1215 1263 ἡδοναὶ
1244 1184 1294 1245 καὶ
1323 1177 1360 1246 τὸ

83 1284 184 1372 μήδέν
198 1277 305 1348 ἱκανόν
323 1278 477 1368 ἡγεῖσθαι,
496 1290 598 1349 ταῦτα
613 1286 733 1372 πληροῖ
745 1281 786 1349 τά
799 1281 957 1373 λῃστήρια,
977 1286 1064 1349 ταῦτ’
1080 1284 1124 1359 εἷς
1138 1281 1194 1350 τόν
1207 1284 1360 1371 ἐπακτρο-

83 1391 186 1477 κέλήτ’
207 1387 375 1475 ἐμβιβάζει,
398 1385 489 1454 ταῦτ’
508 1389 592 1456 ἐστιν
612 1388 729 1476 ἑκάστῳ
748 1388 859 1477 Ποινή,
883 1396 985 1454 ταῦτα
1003 1389 1257 1478 παρακελεύεται
1280 1402 1360 1467 τοῖς

83 1503 182 1570 νέοις
206 1495 356 1579 σφάττειν
382 1491 455 1570 τούς
477 1499 618 1579 πολίτας,
648 1493 819 1585 ὑπηρετεῖν
846 1507 912 1571 τοῖς
937 1493 1106 1584 τνράινοις,
1135 1496 1361 1579 συγκαταλύειν

82 1599 139 1668 τόν
166 1606 276 1690 δῆμον.
330 1606 470 1670 Tantum
498 1605 624 1672 codices
653 1628 680 1672 ιτ
705 1610 727 1669 b
749 1627 776 1688 μ
799 1610 814 1670 l
835 1626 880 1671 ιιτ
916 1609 1002 1672 Vat.
1031 1608 1161 1671 Later.
1188 1615 1254 1679 τοῖς
1280 1612 1361 1680 νέοις

84 1711 271 1791 omiserunt,
303 1713 389 1792 quod
415 1718 504 1778 recte
531 1712 686 1791 fecerunt,
719 1733 792 1778 nam
826 1713 866 1778 de
898 1713 1045 1778 omnibus
1077 1712 1166 1779 vitae
1198 1713 1361 1779 hominurn

83 1819 248 1885 aetatibus
271 1818 392 1902 agitur*
399 1838 503 1900 neque
521 1819 691 1900 quisquam
709 1820 932 1885 adtdescentes
952 1821 1038 1885 solos
1057 1819 1114 1885 illa
1132 1821 1255 1885 scelera
1279 1839 1360 1885 com-

82 1925 215 1991 mittere
238 1925 459 1992 affirmaverit.
495 1926 662 2010 erispiam
686 1925 870 2008 adscripsit,
893 1926 978 2006 quod
999 1926 1035 1991 in
1057 1926 1121 1991 fine
1143 1924 1163 2010 ξ
1184 1929 1286 1992 rerba
1307 1927 1360 1989 nol

82 2025 122 2094 τὰ
149 2035 213 2094 τῶν
242 2037 318 2095 νέιον
345 2027 498 2117 ζήλάματ’
526 2024 577 2097 ἐπ’
607 2026 721 2119 ἀρετήν
748 2037 982 2119 προτρέψασθε
1010 2032 1145 2100 invenit.
1172 2072 1217 2081 -
1239 2029 1361 2117 Post§

81 2138 230 2204 ulthnam
258 2137 415 2204 orationis
443 2140 568 2206 oodioes
592 2143 621 2205 d
646 2142 685 2205 F
704 2144 733 2205 1ο
754 2160 779 2220 q
804 2143 930 2206 Βανῖ).
954 2142 1051 2205 Aoo.
1075 2140 1210 2204 addunt:
1239 2138 1273 2202 εἰ
1295 2128 1361 2202 οὖν

82 2239 323 2331 βουλήσεσθε
346 2240 391 2308 τά
414 2247 542 2310 δίκαια
565 2250 627 2311 καὶ
650 2241 696 2310 τὰ
718 2252 964 2331 σνμμέροντα
992 2240 1008 2309 c‘
1017 2251 1095 2327 μῶν
1118 2241 1361 2332 ποιησόντων

83 2347 382 2437 φιλοτιμότερον·
405 2346 515 2438 ἡμεῖς
538 2351 675 2436 ἕξομεν
698 2349 786 2425 τοές
809 2357 1131 2439 παρανομοῦντας
1157 2348 1359 2428 ἐξετάζειν.

81 2458 191 2525 Priori
213 2459 448 2525 sententiarum
471 2461 572 2527 nexui
593 2464 696 2528 verba
718 2482 782 2526 non
804 2464 990 2543 repugnant
1012 2479 1116 2539 neque
1138 2460 1172 2524 in
1192 2464 1361 2524 structura

83 2584 192 2633 eorum
220 2565 402 2645 offenditur,
430 2568 488 2632 sed
514 2567 767 2647 quotiescunque
795 2588 834 2633 ea
865 2587 937 2632 omn
969 2565 1227 2631 conclusionibus
1259 2565 1360 2631 trium

83 2672 265 2739 orationum
283 2671 476 2753 comparavi,
500 2693 542 2737 ex
561 2673 609 2738 eis
627 2673 706 2739 mihi
724 2674 920 2741 videbantur
939 2673 1117 2754 composita
1135 2690 1216 2737 esse.
1249 2673 1361 2737 Verba

82 2777 166 2843 enim
190 2774 221 2841 εἰ
242 2765 299 2841 οὗν
320 2774 518 2864 βουλήσεσθε
545 2783 745 2863 respondent
767 2781 876 2848 verbis
899 2779 1034 2845 alterius
1059 2778 1216 2844 orationis
1238 2776 1257 2864 ξ
1282 2784 1359 2844 183;

81 2877 137 2947 ἐὰν
155 2871 213 2946 οἷν
231 2881 413 2972 ἐθελήσητε,
438 2887 554 2953 deinde
576 2889 688 2954 eadem
711 2890 812 2956 verba
834 2881 875 2949 τά
897 2887 1001 2949 δίκαια
1025 2888 1075 2948 καὶ
1096 2879 1138 2948 τά
1156 2891 1360 2968 σνμοέροντα

80 2991 235 3073 leguntur
262 2992 297 3057 in
320 3012 365 3058 or.
388 2995 440 3058 ΙΠ
467 2996 526 3059 sub
549 2994 644 3060 finem
667 2992 685 3079 ξ
708 3001 782 3074 260,
809 2999 878 3058 tum
905 2994 1039 3059 verbum
1062 2989 1216 3068 ἐξετάζειν·
1243 3013 1291 3074 pr.
1314 3012 1360 3058 or.

80 3094 100 3182 ξ
122 3103 184 3163 196
205 3098 346 3178 exhibet,
369 3100 506 3180 denique
524 3101 696 3180 sententia,
720 3121 802 3181 quae
821 3100 909 3165 inest
925 3100 961 3164 in
978 3099 1101 3167 verbis:
1120 3094 1361 3181 αιλοτιμότερον

84 3197 174 3289 ἡμεῖς
188 3186 192 3194 ¹
206 3202 319 3285 ἕξομεν
349 3200 422 3278 τούς
453 3212 720 3292 παρανομοῦντας
751 3203 912 3287 ἐξετάζειν,
946 3212 997 3272 est
1029 3206 1144 3271 similis
1177 3205 1361 3271 sententiae

83 3330 128 3376 or.
149 3312 185 3376 Π
207 3309 226 3396 ξ
252 3317 327 3376 183:
355 3307 494 3384 πολλοὺς
515 3309 656 3400 βοήθούς
676 3309 817 3400 λήψεται
840 3308 877 3377 τό
899 3315 955 3400 τῆς
977 3310 1100 3385 πόλεως
1123 3317 1284 3393 σνμαέρον
1307 3315 1358 3376 καὶ

82 3412 274 3482 evocantem
300 3412 384 3504 ὑπὲρ
407 3413 495 3499 ὑμῶν
518 3420 668 3501 ἑτοίμοις.
716 3422 789 3487 Huc
816 3422 950 3500 accedit,
978 3422 1063 3500 quod
1090 3420 1156 3484 ium
1184 3419 1360 3485 scholiasta

82 3526 184 3593 verba
214 3524 249 3590 in
277 3524 385 3605 aliquo
411 3525 494 3591 libro
523 3529 637 3593 abesse
670 3527 758 3594 dicit.
804 3530 920 3607 Itaque
947 3547 986 3592 ea
1014 3529 1055 3592 ab
1078 3529 1209 3592 rhetore
1237 3526 1360 3591 exerei-

82 3629 219 3696 tationis
251 3650 350 3697 causa
380 3633 558 3714 composita
585 3639 618 3699 et
645 3635 778 3700 ultimae
807 3635 964 3700 orationis
993 3634 1130 3699 schedae
1158 3633 1310 3698 mandata
1339 3650 1361 3696 a

81 3736 228 3803 librariis
250 3738 463 3804 inscientibus
486 3758 551 3804 una
574 3760 644 3806 cum
668 3743 814 3808 oratione
842 3740 1007 3821 descripta
1035 3759 1106 3804 esse
1134 3758 1233 3804 sumo.
1278 3738 1360 3803 Num

83 3843 152 3909 sola
175 3843 310 3910 fallendi
332 3846 509 3926 voluptate,
538 3867 728 3928 quamquam
757 3869 856 3914 caiisa
883 3867 948 3913 non
972 3847 1074 3925 adest,
1101 3851 1137 3911 ut
1162 3845 1285 3927 aliquid
1308 3845 1361 3910 de

83 3947 249 4015 sideretur
270 3956 304 4016 et
326 3952 540 4033 supplendum
566 3954 726 4034 videatur,
754 3955 893 4034 aliquem
920 3973 998 4021 vera
1027 3954 1128 4019 rerba
1155 3970 1360 4034 corrmupere

71 4054 257 4136 studuisse,
280 4057 346 4123 nisi
368 4063 459 4123 certa
480 4048 602 4124 indicia
623 4060 759 4128 inventa
782 4066 867 4140 silut,
890 4081 954 4125 non
978 4064 1108 4140 oportet
1131 4064 1288 4142 putemus

171 4162 264 4228 Haeo
286 4169 364 4230 sunt
386 4164 615 4245 additamenta,
639 4188 720 4247 quae
743 4169 778 4233 in
801 4187 921 4251 genere
944 4169 1015 4232 dhl
1039 4186 1099 4249 per
1123 4166 1360 4232 sententiarum

82 4267 229 4335 rationes
250 4269 336 4336 falsa
359 4289 431 4336 esse
454 4277 599 4353 apparet.
644 4275 713 4339 Iam
738 4275 777 4340 de
800 4277 869 4342 loco
892 4277 1069 4356 loquamur,
1097 4293 1190 4354 quem
1219 4274 1361 4340 editores

81 4374 116 4443 in
140 4377 213 4444 till*
231 4376 464 4446 additamentis
487 4384 673 4464 corruptum
697 4399 769 4447 esse
791 4381 874 4448 falso
897 4386 1098 4448 statuerunt,
1114 4421 1158 4430 —
1180 4379 1265 4465 §tu
1285 4381 1375 4442 libet
