2896 4830
144 106 154 173 ς]
668 136 672 143 .

593 219 813 280 -41-

13 388 298 835 rdtamenta
313 416 448 477 exstant
458 410 528 498 (eis,
543 430 626 491 quae
635 410 782 476 omnibus
791 410 886 476 libris
896 410 1076 476 communia
1085 417 1170 492 suunt,
1180 413 1340 501 exceptis)

13 539 23 588 u

689 516 695 530 ο

70 620 295 638 ==.—-:.-.=.-·-.-.-;==.
303 625 538 639 κε·-
407 625 536 630 --——-
684 624 703 637 τ
722 624 1223 638 αις-πεπωκ-

607 632 748 793 [a
929 697 957 742 a
1127 626 1339 744 0³7

507 756 972 887 orsanrnrn

1093 784 1215 848 ΠΠΙ

1181 931 1200 989 6

1181 1036 1200 1095 3

1271 785 1305 849 Π

1281 1037 1297 1096 1

13 908 143 992 ⁵·casu
194 975 616 1001 ..........
659 914 1128 989 419’3352

62 1031 199 1097 consilio
246 1083 572 1098 .......
610 1028 1129 1129 1'3—112112

60 1137 364 1204 itautdubitetur
460 1132 677 1222 ...tt
728 1141 1034 1201 13-13
1086 1173 1130 1182 -
1181 1142 1199 1201 3
1280 1142 1298 1201 3

152 1245 244 1309 Haec
266 1243 382 1327 igitur,
410 1247 448 1308 ut
470 1243 582 1324 paucis
606 1244 886 1325 comprehendam,
914 1242 1104 1323 quaestione
1126 1261 1177 1307 me
1199 1242 1341 1310 illustra·

59 1351 152 1417 uisse
180 1350 377 1432 putaverim:
404 1349 542 1431 primum
569 1349 605 1414 in
633 1348 741 1414 codice
768 1351 806 1412 F
832 1350 1004 1414 secundam
1034 1349 1212 1414 orationem
1234 1350 1341 1416 minus

59 1477 158 1537 quam
180 1457 215 1522 in
235 1457 353 1523 ceteris
372 1455 465 1520 libris
484 1455 715 1520 additamentis
735 1457 946 1537 depravatam
965 1474 1045 1534 esse,
1070 1456 1185 1520 deinde
1204 1455 1342 1537 primam

58 1563 282 1646 negligentius
306 1563 462 1643 scriptam
484 1581 578 1640 quam
600 1562 635 1627 in
659 1562 767 1627 codice
790 1582 825 1641 a,
848 1561 981 1626 tertiam
1003 1561 1222 1644 negligentius
1245 1581 1341 1642 quam

58 1668 96 1733 in
130 1670 294 1734 codicibus
323 1689 350 1733 a
378 1671 412 1732 et
439 1686 473 1747 ος
506 1668 562 1732 sed
591 1670 736 1733 consulto
763 1666 798 1733 in
825 1667 907 1733 libro
933 1670 973 1732 F
997 1668 1133 1749 primam
1162 1667 1341 1733 orationem

58 1775 168 1840 minus
192 1794 286 1854 quam
309 1773 344 1839 in
368 1794 395 1838 m
417 1772 619 1854 inquinatam
642 1792 723 1853 esse,
745 1773 878 1839 tertiam
901 1779 1009 1838 autem
1032 1793 1096 1838 non
1119 1774 1222 1857 magis
1245 1792 1341 1854 quam

58 1879 96 1946 in
126 1901 153 1944 o
181 1888 215 1945 et
242 1881 347 1946 minus
376 1900 470 1960 qulam
498 1879 533 1943 in
560 1898 594 1959 63
627 1881 764 1960 denique
791 1879 826 1944 in
854 1881 995 1944 secunda
1023 1879 1171 1945 oratione
1194 1879 1341 1946 codicia

60 1986 191 2053 omnino
214 1985 283 2051 fere
307 1986 440 2051 eandem
464 1985 692 2051 auctoritatem
715 1986 919 2051 tribuendam
942 2005 1015 2052 esse
1038 1990 1135 2066 atquo
1159 2006 1186 2050 a
1205 1990 1238 2050 et
1257 1984 1341 2050 codi-

60 2112 131 2159 cem
153 2095 172 2157 ι’
194 2091 303 2157 codice
326 2111 347 2156 e
370 2092 563 2157 deteriorem
581 2091 695 2159 videri.
728 2094 896 2158 Postremo
914 2095 975 2159 hoc
992 2091 1178 2170 monuerim,
1201 2091 1258 2156 illa
1277 2092 1340 2157 duo

60 2196 197 2264 consilio
220 2196 309 2263 facta
331 2197 554 2263 additamenta
575 2198 651 2263 libri
672 2202 711 2264 F
724 2200 829 2263 minus
848 2199 965 2282 grauia
983 2218 1055 2264 esse
1074 2218 1168 2278 quam
1187 2199 1341 2280 pleraque

59 2303 158 2369 hunus
183 2304 296 2369 classis
318 2304 353 2369 in
377 2304 540 2370 codicibus
565 2325 592 2369 (ι
615 2309 649 2369 et
671 2324 699 2369 e.
740 2305 856 2384 Itaque
879 2304 1019 2370 Cobetus
1042 2324 1107 2370 nou
1129 2307 1227 2383 recte,
1251 2307 1339 2369 ceute

59 2410 148 2491 quod
180 2410 300 2475 attinet
333 2412 374 2474 ad
406 2409 641 2489 additamenta,
673 2409 791 2476 librum
820 2413 858 2476 F
880 2409 1110 2491 nequissimum
1137 2413 1172 2475 et
1199 2408 1339 2475 omnium

59 2515 272 2583 deterrimum
295 2535 367 2581 esse
389 2516 572 2583 affirmavit.
