2896 4830
626 189 847 249 „10-

99 382 159 444 ab
176 381 257 445 haec
273 380 492 445 tradiderunt:
517 376 592 443 ἔνιοι
614 373 753 465 μὲνγὰρ
776 385 840 443 νέοι
864 376 949 452 ὄντες
972 390 1144 468 προφερεῖς
1166 383 1218 445 καὶ
1240 377 1376 466 πρεσβύ-

98 507 184 570 τεροι
202 490 377 566 φαίνονται,
402 483 504 569 ἕτεροι
527 484 560 548 δὲ
583 479 687 547 nollo
711 479 849 571 ἀριθμὸν
872 483 984 571 χρόνον
1007 483 1165 568 γεγονότες
1188 484 1376 550 παντάπασι

98 597 171 672 νέοι,
194 592 309 672 quibus
332 591 442 658 verbis
467 591 592 656 codices
615 595 735 673 ploro
754 611 776 658 ο
786 613 818 673 μ
837 613 861 656 r
893 595 978 659 Vaut.
1003 597 1132 659 Lour.
1156 594 1377 660 adiunxerunt

99 703 313 781 φαίνονται,
339 702 367 764 d
389 702 418 762 b
440 718 464 778 q
487 697 610 783 (steph.
629 697 723 783 Bel.)
748 700 923 762 δοκοῦσιν
946 693 1048 780 εἶναι,
1076 692 1118 765 Γ
1138 704 1263 766 Barb.
1282 703 1376 766 thob.

99 807 262 876 denotarer
285 797 372 868 εἶναι.
419 806 490 870 Ηοο
517 808 662 885 ternpore
690 804 831 870 editores
858 807 959 871 libros
984 827 1010 872 α
1034 809 1056 870 b
1079 812 1266 887 sequuntur.
1313 807 1377 872 Sed

98 913 218 978 rectius
242 913 386 975 δοκοῦσιν
409 902 491 974 εἶναι
515 909 613 975 scribi
632 910 710 975 mihi
730 930 800 976 curn
818 912 953 978 Reishio
973 933 1163 995 persuasum
1183 920 1243 980 est.
1270 915 1376 979 Locus

99 1020 183 1085 enirn
211 1018 332 1084 iamin
356 1018 532 1099 archetypo
561 1016 691 1084 videtur
719 1023 890 1099 corruptus
918 1019 1029 1100 fuisse,
1057 1042 1128 1086 curn
1156 1021 1295 1104 cogitari
1323 1041 1376 1086 ne-

70 1130 205 1206 *queat
237 1125 375 1206 primurn
408 1125 542 1187 duorum
574 1123 725 1188 librarios
759 1124 903 1190 codicum
934 1145 1089 1209 generum
1120 1129 1205 1193 idern
1238 1128 1377 1210 simplex

99 1231 304 1298 enunciaturn
324 1229 490 1311 explicare
509 1230 659 1309 voluisse,
684 1232 787 1297 altero
812 1233 955 1296 δοκοῦσιν
978 1225 1060 1297 εἶναι
1082 1235 1185 1300 altero
1209 1239 1378 1316 φαίνονται

98 1339 280 1416 adjiciente,
310 1336 426 1401 deinde
454 1338 592 1401 alterum
618 1336 789 1402 librarium
811 1337 883 1405 voci
906 1343 970 1402 νέοι
993 1340 1179 1422 explicandi
1207 1361 1306 1407 causa
1329 1343 1376 1405 ‹lo-

98 1451 202 1509 κοῦσιν
226 1437 308 1507 εἶναι
331 1441 553 1523 adscripsisse,
577 1461 768 1523 quamquam
792 1444 956 1509 antecedit
979 1450 1153 1526 φαίνονιαι.
1190 1450 1307 1529 Itaque
1331 1448 1378 1513 sic

98 1557 222 1618 statuo:
250 1550 285 1615 in
313 1551 490 1632 archetypo
519 1550 663 1612 δοκοῦσιν
686 1543 767 1613 εἶναι
795 1550 927 1615 exstitit
955 1558 989 1616 et
1016 1555 1293 1637 superscripserat
1321 1556 1377 1620 ali-

97 1659 170 1739 quis
193 1662 368 1739 φαίνονται,
397 1675 458 1735 quo
488 1655 690 1738 significaret
716 1657 751 1721 in
775 1657 918 1720 δοκοῦσιν
941 1651 1022 1722 εἶναι
1052 1661 1186 1726 eandem
1214 1662 1378 1727 notionem

98 1784 170 1831 esse
194 1783 232 1828 ao
255 1782 354 1844 supra
376 1762 411 1826 in
434 1766 608 1843 φαίνονται.
654 1763 735 1827 Inde
759 1763 884 1828 codices
908 1768 936 1829 d
958 1768 987 1829 b
1009 1786 1034 1846 q
1057 1767 1201 1831 δοκοῦσιν
1224 1760 1305 1829 εἶναι
1329 1787 1378 1831 re-

98 1874 262 1952 ceperunt,
285 1873 406 1950 μιαν
425 1887 494 1949 ομ
513 1888 536 1932 r
564 1871 650 1934 Vot.
670 1871 799 1934 Lorcr.
823 1874 997 1951 μαίνονται,
1022 1876 1090 1936 ‹tl›
1114 1878 1222 1938 antem
1246 1873 1377 1937 dubium

96 1979 209 2054 locum,
232 1976 317 2056 quod
341 1974 505 2039 sententia
528 1974 598 2039 sine
622 1994 658 2040 eo
683 1977 764 2040 bene
787 1975 1036 2059 intelligeretur,
1060 1980 1246 2059 omiserunt,
1269 1979 1318 2044 ita
1341 1985 1378 2044 ut

97 2085 164 2149 cod.
189 2104 217 2148 οι
239 2080 258 2166 ἓ
282 2086 322 2146 65
352 2079 557 2162 negationem
580 2074 618 2143 οὐ
646 2085 721 2162 post
743 2073 763 2166 ἢ
786 2086 832 2152 νίς
856 2084 1026 2163 expunxit.
1077 2087 1115 2148 F
1134 2088 1259 2150 Borb.
1283 2089 1377 2151 libb.

97 2190 235 2270 denique
258 2189 421 2258 δοκοῦντες
444 2179 526 2249 εἶναι
551 2186 713 2266 exhibent,
737 2189 821 2267 quod
841 2188 982 2269 scriptor
1001 2190 1128 2269 codicis,
1152 2210 1194 2255 ex
1217 2211 1278 2271 quo
1302 2193 1378 2258 libri

95 2296 145 2361 illi
167 2297 389 2372 manaverunt,
412 2295 473 2358 hoc
495 2295 630 2358 uerbum
653 2293 813 2374 superiori
836 2298 1003 2375 φαίνονται
1026 2297 1282 2378 coniungendum
1307 2318 1378 2364 esse

98 2408 133 2468 et
154 2402 188 2467 id
212 2399 434 2482 superscripto
463 2390 630 2480 petrocia
657 2398 797 2464 inchoari
824 2400 961 2481 putavit.
1007 2402 1115 2483 Atque
1142 2404 1177 2468 in
1200 2406 1377 2488 archetypo

97 2510 241 2571 δοκοῦσιν
269 2500 351 2570 εἶναι
382 2504 484 2570 fuisse
512 2505 610 2570 etiarn
639 2524 656 2570 e
684 2505 823 2584 scholiis
858 2527 940 2586 quae
967 2507 1060 2572 libris
1088 2529 1113 2591 μ
1140 2530 1183 2575 ιιι
1211 2512 1378 2593 adscripta

97 2619 181 2694 sunt,
215 2614 366 2697 colligere
395 2632 574 2694 possumis,
607 2631 678 2677 curn
704 2631 814 2678 vocent
838 2608 1002 2698 προφερής
1029 2614 1078 2680 ita
1105 2615 1376 2698 interpretentur:

97 2713 261 2806 προφερὴς
285 2714 301 2782 ὁ
321 2725 389 2792 νεός
406 2719 466 2799 μὲν
488 2715 537 2797 ὤν,
562 2715 775 2803 πρεσβύτερος
794 2718 828 2782 δὲ
847 2715 1081 2800 φαινόμενος
1100 2772 1106 2805 r
1128 2717 1164 2784 τὸ
1189 2724 1215 2786 ‹l'
1235 2720 1377 2787 ἐναντίον

98 2822 259 2912 σκλημρός,
285 2821 318 2898 ὃς
340 2820 554 2910 πρεσβύτερος
577 2817 620 2887 ὢν
644 2831 711 2898 νέος
735 2827 844 2888 δοκεῖ.
890 2825 1001 2906 Neque
1028 2828 1088 2892 hoc
1115 2828 1220 2894 fusum
1250 2830 1377 2895 dicendi

97 2953 200 3016 genus
234 2951 380 2998 sermone
403 2930 575 2996 Aeschinis
608 2932 748 2996 alienum
781 2935 840 3010 est,
873 2937 910 2996 ut
943 2935 1118 2999 ostendunt
1133 2921 1246 3001 ¹verba
1274 2957 1319 3001 or.
1343 2939 1378 3002 Π

97 3037 195 3124 §aaz
225 3032 304 3102 ὥστε
333 3043 500 3122 συμβαίνει
528 3054 576 3100 σοι
604 3040 655 3100 καὶ
684 3035 749 3120 ἰδίᾳ
771 3041 833 3099 τῶν
856 3039 982 3100 παίδοιν
1004 3034 1125 3102 τούτων
1148 3043 1377 3126 γεγενῆσθαι

98 3139 225 3230 ἀδελφῷ
248 3149 301 3210 καὶ
324 3147 460 3231 δημοσίᾳ
483 3144 564 3228 μίλῳ
588 3137 663 3228 ἡμῖν
686 3136 798 3222 εἶναι,
829 3145 886 3208 sed
909 3165 1031 3225 parum,
1060 3150 1097 3209 ut
1120 3146 1243 3227 opinor,
1271 3148 1378 3214 critici

96 3252 191 3317 huius
212 3252 331 3317 aetatis
349 3254 521 3318 verborum
537 3249 731 3334 Quintiliani
749 3249 909 3315 rationem
928 3251 1057 3328 haubent,
1077 3251 1133 3331 qni
1151 3252 1200 3338 (in
1214 3255 1376 3321 Institutt.

98 3379 142 3424 or.
165 3358 237 3423 libr.
261 3359 295 3423 X
318 3377 343 3423 ο.
370 3363 386 3421 1
411 3356 430 3442 ξ
456 3358 510 3442 76)
534 3356 710 3435 „Plenior“,
738 3355 853 3435 inquit,
882 3356 1077 3435 „Aeschines
1102 3364 1135 3424 et
1157 3361 1261 3444 magis
1285 3361 1377 3427 fusus

97 3472 131 3531 et
149 3464 316 3548 grandiori
335 3464 458 3544 similis,
478 3485 539 3545 quo
558 3465 664 3528 minus
684 3461 819 3526 strictus
839 3469 902 3528 est:
923 3464 1031 3528 carnis
1050 3469 1159 3530 tamen
1177 3469 1250 3548 plus
1269 3470 1377 3548 habet,

97 3573 204 3638 minus
228 3572 449 3636 lacertorum“.
827 3577 836 3590 ‘

185 3679 257 3742 Hac
279 3678 481 3761 digressione
504 3677 593 3742 facta
619 3675 683 3741 iam
707 3676 749 3740 ad
772 3676 971 3758 propositum
995 3682 1199 3744 reuertamur
1223 3685 1264 3759 et,
1293 3701 1377 3761 quae

96 3785 131 3851 in
153 3803 273 3867 genere
296 3788 347 3850 ab
369 3786 569 3866 interpolata
592 3782 667 3861 sint,
696 3803 896 3862 quaeramus.
920 3823 963 3830 -
986 3782 1005 3868 ξ
1030 3790 1069 3849 33
1095 3786 1220 3851 codices
1244 3795 1376 3868 praeter

96 3893 184 3956 oF
203 3900 218 3956 t
238 3893 362 3956 Barb.
382 3894 475 3956 sloh.
499 3889 667 3955 exhibent:
694 3894 805 3953 Ταῦτα
829 3889 888 3970 μὲν
911 3877 966 3951 οὖν
989 3886 1091 3955 παλαι
1113 3897 1375 3980 νενομοθέτηται·

98 3992 188 4079 ὑμεῖς
216 3999 242 4061 δ’
266 3994 312 4061 ἔτι
339 4001 546 4081 προσέθεσθε
573 3990 680 4060 καινὸν
707 3991 805 4076 νόμον
832 3989 915 4076 μετὰ
941 3989 977 4058 τὸ
1005 3991 1101 4060 καλὸν
1128 3996 1328 4085 παγκράτιον,
1358 3997 1375 4064 ὃ

97 4088 187 4175 οὗτος
215 4100 466 4188 ἐπαγκρατίασεν
498 4100 532 4167 ἐν
558 4109 598 4190 τῇ
626 4101 780 4189 ἐκκλησίᾳ,
814 4096 1121 4186 ὑπεραισχυνθέντες
1153 4099 1219 4190 γὰρ
1247 4102 1303 4169 ἐπὶ
1330 4113 1375 4193 τῷ

96 4206 260 4296 πράγματι
287 4202 364 4273 καθ’
393 4206 524 4297 ἑκάστην
551 4207 716 4296 ἐκκλησίαν
742 4204 858 4288 νόμον
885 4203 1052 4293 &bonore
1080 4205 1210 4275 καινὸν
1238 4206 1374 4299 ἀποκλη-

96 4320 172 4402 ροῦν
195 4310 298 4403 φυλὴν
321 4313 377 4380 ἐπὶ
399 4311 437 4380 τὸ
459 4319 555 4403 βῆμα,
579 4308 647 4402 ἥτις
669 4309 883 4402 προεδρεύσει.
931 4313 1092 4399 Sauppius
1115 4317 1150 4383 in
1173 4317 1279 4400 Epist.
1303 4320 1374 4387 crit.

83 4440 119 4520 Ι
