2896 4830
84 522 205 589 insunt.
237 523 400 606 Quattuor
419 529 525 589 autem
545 545 667 608 genera
689 526 724 592 in
742 528 803 593 hac
822 526 969 592 oratione
991 525 1265 604 internoscantur,
1289 544 1360 589 cum

85 630 127 694 ad
150 632 221 694 did
241 633 275 695 et
296 633 347 696 ab
370 630 432 695 duo
454 633 620 711 accedant,
643 651 725 712 (111111
747 633 869 699 litteris
893 636 1029 698 111111
1052 631 1153 715 signo.
1185 632 1234 696 Ac
1256 632 1359 713 primo

83 737 153 801 loco
173 736 213 800 de
228 736 459 802 additamentis
474 738 655 820 disputabo,
674 759 757 819 quae
776 739 905 822 singula
919 759 1041 822 genera
1060 737 1224 815 exhibent,
1244 737 1359 802 deinde

85 842 205 921 decis,
229 862 311 923 quae
332 842 419 908 binis
443 849 500 909 aut
523 845 626 911 ternis
649 846 822 929 generibus
847 846 1026 912 communia
1049 849 1134 910 sunt.
1174 844 1283 923 Atque
1306 845 1360 908 ad-

85 949 273 1029 ditamenta,
297 968 378 1030 qnae
401 949 436 1016 11
459 951 527 1016 1111
545 971 670 1034 genere
692 951 797 1037 W)
822 956 1002 1030 exstarent,
1027 950 1207 1031 exquirere,
1235 950 1360 1015 frustra

85 1056 205 1134 studui,
229 1076 299 1122 cum
319 1057 433 1137 omnia,
457 1077 539 1138 quae
561 1059 686 1124 codices
706 1058 775 1123 eius
795 1060 890 1140 plura
910 1077 1005 1138 quam
1024 1057 1125 1122 ceteri
1144 1056 1359 1134 tradiderunt,

85 1161 215 1227 defendi
238 1164 374 1245 possint.
420 1165 509 1248 Ergo
538 1166 649 1232 statim
678 1166 720 1230 ad
742 1185 845 1248 genus
869 1167 920 1230 ab
942 1170 1083 1230 transeo.
1115 1202 1159 1211 -
1191 1161 1209 1247 ξ
1236 1168 1298 1227 178
1326 1162 1360 1226 11

86 1287 122 1334 eo
146 1269 279 1352 legitur:
302 1271 355 1333 καὶ
377 1263 433 1332 τὸν
454 1275 517 1334 τῶν
541 1265 636 1335 ὅλων
658 1269 756 1351 λόγων
775 1266 881 1356 κύριον
899 1266 955 1344 τὰς
972 1276 1035 1334 τῶν
1055 1268 1151 1356 ἔργων
1169 1270 1361 1354 προσδοκίας

87 1368 266 1455 ἀπαιτοῦσι,
295 1396 357 1457 qno
386 1377 557 1443 enunciata
586 1382 697 1444 orator
724 1377 811 1444 levia
833 1380 935 1445 verba
957 1377 1163 1461 gravioribus
1186 1376 1283 1442 factis
1308 1395 1361 1456 op·

85 1501 204 1564 ponere
222 1483 306 1562 vult;
329 1483 409 1549 haec
427 1489 535 1549 autem
554 1485 639 1550 ratio
658 1484 858 1566 pervertitur
877 1489 911 1549 et
929 1488 1043 1550 contra
1060 1482 1239 1549 Aeschines
1257 1483 1361 1548 iactat

86 1594 190 1654 artem
222 1589 351 1654 dicendi
382 1609 461 1657 voce
490 1584 570 1653 ὅλων
597 1590 773 1673 adscripta.
822 1592 948 1671 Itaque,
977 1610 1047 1657 cum
1076 1590 1202 1656 codices
1231 1592 1365 1656 1111Ὶ

86 1698 115 1758 h
137 1697 165 1759 11
187 1698 203 1760 l
227 1716 251 1775 q
274 1715 295 1760 8
316 1699 441 1763 Bari).
468 1701 531 1760 τῶν
558 1692 664 1777 λόγων,
693 1699 796 1763 codex
813 1700 836 1763 ‘t'
857 1701 921 1760 τῶν
942 1690 1031 1778 ὅλων,
1061 1696 1162 1764 ceteri
1189 1700 1252 1758 τῶν
1280 1689 1361 1758 ὅλοιν

85 1798 184 1881 λόγων
212 1801 397 1884 exhibeant,
429 1803 463 1869 in
492 1806 668 1887 archetypo
696 1825 760 1870 non
793 1808 882 1870 recte
909 1804 1041 1871 videtur
1072 1804 1228 1885 scriptum
1259 1802 1361 1866 fuisse

85 1911 148 1970 τῶν
172 1901 252 1971 ὅλων
275 1913 309 1974 11
332 1910 523 1976 emendandi
551 1929 649 1977 causa
671 1909 855 1993 appositum
882 1930 955 1977 esse
982 1906 1086 1991 λόγων,
1116 1930 1178 1990 quo
1205 1908 1360 1974 librarius

85 2014 215 2098 generis
239 2018 290 2080 ab
313 2015 348 2081 in
371 2035 513 2082 errorem
536 2017 688 2083 inductus
715 2023 885 2104 utrumqne
912 2017 1044 2099 recepit.
1077 2054 1121 2064 —-
1152 2017 1361 2096 Nequaquam

84 2119 291 2204 intelligitur,
319 2122 396 2202 quid
423 2122 442 2211 β
467 2129 529 2189 181
560 2123 800 2191 substantivum
828 2117 975 2211 εὐεργέτῃ
1003 2127 1078 2204 post
1105 2125 1207 2190 verba
1234 2124 1361 2186 δέδοται

85 2221 121 2290 τὸ
144 2231 235 2308 σῶμα
258 2232 303 2314 τῷ
325 2226 455 2315 κινδύνῳ
478 2229 619 2312 positum
638 2230 701 2296 sibi
721 2231 810 2310 uelit,
834 2235 868 2296 11
885 2249 1021 2312 prorsus
1039 2231 1120 2296 haec
1138 2229 1227 2296 notio
1251 2250 1271 2294 a
1291 2248 1361 2294 sen-

84 2333 199 2398 tentiis
222 2333 318 2400 1111111
341 2336 459 2419 capitis
483 2338 644 2415 abhorret,
667 2341 705 2401 ut
728 2357 798 2402 eam
816 2356 893 2403 casu
917 2356 959 2402 ex
978 2337 1084 2416 aliquo
1107 2337 1303 2418 glossemate
1326 2336 1362 2400 in

84 2442 170 2506 hunc
190 2442 294 2506 locum
317 2443 411 2522 quasi
433 2442 604 2508 1111111111
625 2442 704 2508 mihi
727 2463 917 2525 persuasum
940 2443 993 2509 sit.
1021 2443 1085 2509 Sed
1107 2442 1171 2508 iam
1194 2442 1228 2507 11
1252 2444 1361 2507 arohe-

85 2551 164 2630 typo
198 2549 452 2614 additamentum
480 2551 533 2616 val
565 2549 819 2632 superscriptum
846 2551 899 2618 vel
925 2549 1124 2631 adscriptum
1151 2548 1254 2614 fuisse
1283 2548 1361 2613 inde

85 2659 231 2736 apparet,
255 2656 340 2736 quod
362 2655 488 2722 codices
513 2675 533 2720 c
555 2658 583 2720 11
605 2674 626 2719 1
649 2648 804 2744 εὐεργέτῃ,
833 2676 861 2722 α
878 2677 904 2739 ῳ
922 2659 1012 2722 11111
1031 2676 1051 2721 1
1069 2675 1094 2722 ν
1126 2658 1210 2721 Vat.
1231 2657 1360 2719 Lacon.

84 2755 216 2846 κινδύνῳ
240 2755 395 2852 adseram,
421 2763 522 2829 ceteri
544 2757 676 2847 κινδύνῳ
699 2761 863 2828 exhibent.

174 2868 360 2949 Sequuntur
383 2870 606 2936 additamenta
627 2868 757 2952 generis
781 2871 837 2935 elo.
869 2907 913 2916 -
944 2867 962 2954 ξ
988 2873 1030 2934 14
1052 2868 1087 2933 in
1109 2865 1203 2932 libris
1226 2870 1240 2931 l
1264 2886 1284 2931 s
1307 2885 1362 2932 ex-

85 2979 167 3039 stat:
196 2978 249 3038 καὶ
275 2970 313 3040 τὸ
340 2978 523 3041 τελευταῖον
550 2971 759 3058 κεφάλαιον
788 2968 972 3058 ἀποφεύγει,
1004 2975 1039 3040 11
1066 2974 1149 3039 libro
1177 2994 1210 3038 c:
1243 2975 1296 3036 καὶ
1323 2966 1361 3036 τὸ

84 3082 267 3145 τελευταῖον
287 3076 462 3165 ἀποφεύγει
481 3080 752 3165 κεφάλαιον.-
765 3079 938 3164 κεφάλαιον
957 3080 1104 3148 adverbii
1122 3074 1159 3142 τὸ
1177 3080 1361 3143 τελευταῖον

84 3186 326 3270 interpretandi
348 3208 447 3255 causa
469 3191 653 3273 appositum
674 3189 777 3255 fuisse
800 3194 841 3268 et,
865 3208 936 3253 cum
954 3188 988 3252 in
1004 3191 1203 3252 structuram
1224 3206 1289 3251 non
1313 3205 1363 3250 re-

86 3299 214 3377 ceptum
237 3295 289 3375 sit,
317 3297 517 3380 negligentia
540 3297 575 3362 11
598 3299 700 3365 verba
720 3297 847 3362 illatum
875 3314 954 3374 esse,
982 3313 1075 3359 nemo
1103 3312 1168 3358 111
1195 3291 1362 3375 intelligit.

87 3439 130 3448 -
152 3399 171 3486 ᾗ
197 3406 258 3466 133
287 3403 390 3468 codex
412 3422 433 3467 1
455 3403 606 3468 tradidit:
636 3407 868 3488 ψηφισαμένων
891 3403 917 3465 δ’
941 3395 1031 3481 ὑμῶν
1053 3402 1254 3485 παραδοῦναι
1277 3405 1362 3483 Προ-

87 3511 164 3592 ξένῳ
186 3509 248 3571 καὶ
270 3512 315 3594 τῷ
337 3515 499 3595 στρατηγῶ
522 3505 595 3581 τούς
621 3513 749 3580 Φωκέας
776 3513 878 3572 ταῦτα
902 3502 943 3571 τὰ
965 3512 1062 3593 χωρία
1086 3506 1150 3569 κτλ.
1197 3505 1363 3571 111111-

85 3633 190 3680 xenos
218 3613 289 3697 ipse
315 3614 493 3697 imperator
521 3620 593 3681 erat
620 3620 654 3680 et
677 3613 708 3679 11
731 3615 792 3680 1111
814 3614 927 3679 Phocii
954 3615 1025 3679 loca
1052 3613 1110 3678 illa
1138 3611 1263 3678 munita
1290 3631 1363 3677 con-

87 3722 201 3787 cedere
225 3723 266 3786 ab
288 3721 543 3787 Atheniensibus
571 3721 654 3786 iussi
677 3726 761 3800 11111,
789 3726 827 3786 11
848 3723 958 3799 verba,
987 3738 1069 3800 quae
1092 3723 1280 3800 sequuntur,
1310 3719 1364 3782 do-

87 3832 174 3893 cent:
199 3820 267 3891 ἆντὶ
289 3832 347 3891 τοῦ
370 3830 571 3913 παραδοῦναι
593 3821 634 3890 τὰ
656 3832 754 3913 χωρία
777 3832 935 3913 Προξένῳ.
968 3827 1035 3891 Nec
1058 3827 1163 3891 minus
1187 3825 1363 3890 absurdum

87 3938 146 4013 est,
175 3934 259 4014 quod
287 3933 394 3999 scriba
421 3933 540 4000 codicis
564 3938 579 3999 l
602 3934 746 4017 scripsit:
775 3937 828 3997 καὶ
854 3926 928 4005 τοὺς
955 3927 1152 4019 στρατηγοὺς.
1199 3931 1363 4015 Suspicor,

1382 35 1405 109 l

616 261 661 272 ..
709 229 749 290 16
796 261 841 272 ..

85 435 132 496 ea,
155 435 237 497 quae
258 415 294 481 in
313 415 450 499 singulis
468 418 641 500 generibus
665 419 810 485 codicum
834 424 890 485 aut
912 419 947 485 in
966 419 1072 484 altera
1091 422 1186 500 parte
1204 423 1360 501 generum

159 4109 185 4179 *)
205 4110 366 4177 Quamquam
384 4110 465 4165 etiam
483 4111 512 4165 11
530 4111 579 4165 hac
598 4111 726 4176 oratione,
746 4117 836 4165 utrum
854 4109 927 4178 prior
946 4125 980 4162 an
998 4108 1131 4176 posterior
1148 4125 1242 4162 manus
1261 4109 1318 4162 cod.
1334 4113 1369 4164 F

87 4199 181 4253 melior
204 4199 249 4265 111,
278 4199 446 4266 quaesiturus
474 4216 539 4264 sum,
568 4205 666 4266 tamen,
695 4200 763 4266 quod
786 4199 864 4263 ratio,
893 4214 959 4264 quae
982 4197 1122 4252 intereas
1148 4196 1305 4261 intercedit
1330 4198 1365 4251 ad

88 4289 300 4356 cognoscendum
313 4289 446 4344 difficilior
463 4297 511 4355 est,
531 4289 559 4343 id
577 4289 736 4353 differamus,
756 4287 818 4341 dum
837 4287 925 4343 omnia
937 4287 1017 4342 huius
1032 4285 1160 4341 orationis
1179 4285 1365 4344 additamenta
1403 4334 1405 4341 .

80 4376 280 4443 nonagesimus.
